2740 4440
237 527 360 601 Versus
385 525 558 600 similes
585 530 621 592 et
644 519 1005 616 oppositi,-(aceci
1024 519 1157 622 ιιυμιιιί-ι

135 659 229 722 θειαν
257 659 292 718 ot
317 645 393 720 κατ’
419 625 635 718 &veneticae
660 642 851 735 spectandi)
878 643 947 734 alio
971 642 1075 710 modo
1101 637 1184 710 di·'

131 768 332 863 §tinguendi
356 775 391 833 et
416 762 597 832 definiendi
624 772 713 848 aunt,
738 785 841 852 qnam
861 763 1161 856 grammaticorum
1200 783 1210 850 '.

137 898 293 958 veterum
317 885 457 970 ratione,
484 884 544 974 qni
568 905 700 952 versum
725 879 942 973 sapphicum
967 877 1042 950 κατ’
1073 882 1160 949 ιἰντι-

122 1001 284 1076 Ινιιὲιέῐεινιν
309 1001 429 1100 μικτόν
455 1011 595 1088 vocant,
635 1001 716 1091 quia
739 1001 775 1068 in
800 1023 842 1070 eo
867 999 1084 1070 choriambus
1109 996 1161 1065 di·

141 1122 341 1191 trochaeum
365 1131 537 1212 seqnatur,
563 1119 762 1188 choriambo
786 1142 869 1188 vero
889 1119 1055 1188 diiambus
1081 1139 1162 1187 con·

139 1242 253 1312 similia
285 1242 347 1327 ait,
385 1240 445 1329 qui
469 1237 633 1307 trochaeo
669 1228 917 1330 ἂντιπιιθεῖιε)
951 1237 1012 1306 sed
1036 1237 1071 1302 in
1095 1235 1165 1303 hoc

139 1369 322 1453 poetarum
345 1358 498 1449 ipsorum
523 1381 601 1426 usus
626 1355 848 1425 consulendus
874 1365 909 1424 et
936 1352 1165 1446 reapiciendna

139 1488 203 1547 cst.
253 1476 436 1566 Inprimis
462 1475 601 1566 quidem
624 1474 712 1542 iilud
735 1474 957 1565 spectandum
983 1484 1051 1560 est,
1072 1495 1164 1563 'qua-

139 1595 189 1662 les
241 1593 349 1685 pedes
394 1603 428 1661 ct
478 1593 642 1684 syzygiae
689 1593 891 1660 alternantes
938 1593 1163 1683 reperiantur,

138 1711 236 1802 quod
268 1734 335 1804 pro
373 1711 556 1780 certissimo
591 1711 801 1802 cognationis
833 1712 932 1804 siguo
965 1711 1169 1779 habendum

138 1841 208 1919 eat,
250 1830 336 1901 sicto
377 1830 567 1900 choriambi
600 1839 636 1898 et
669 1830 825 1916 diiambi,
861 1831 968 1932 ionici,
996 1838 1031 1898 et
1056 1829 1164 1897 ditro-

140 1943 313 2040 chaei,⁹)
348 1949 408 2038 qui
439 1948 609 2017 interdum
634 1949 680 2016 ita
705 1931 953 2037 consociantur,
979 1957 1019 2018 ut
1044 1949 1164 2016 dham-

140 2069 226 2138 bum
262 2067 446 2159 praecedat
478 2068 711 2155 choriambus,
746 2079 920 2161 sequatur.
942 2069 1044 2138 etiam
1077 2067 1164 2137 cho·

138 2187 317 2273 riambua,
369 2187 463 2257 hunc
513 2209 598 2257 uero
640 2187 785 2256 alterum
824 2211 939 2256 rursus
981 2195 1165 2278 sequantur
1213 2163 1216 2168 Ι

137 2307 244 2374 iambi
269 2299 342 2396 ²⁰),
393 2314 429 2375 et
472 2306 508 2373 iu
549 2301 764 2397 antistropha
803 2306 1008 2398 respondeat
1049 2307 1167 2382 dium·

140 2423 209 2494 bus
232 2423 450 2530 choriambo,
493 2425 598 2510 emas,
611 2433 725 2493 tamma
752 2423 803 2492 rei
833 2447 902 2494 nou
935 2426 1043 2494 multa
1074 2435 1167 2508 certa

176 2607 379 2630 m

226 2705 261 2792 8)
284 2711 417 2773 Scilicet
439 2699 529 2776 κατὰ
562 2701 627 2800 τὴν
657 2699 792 2798 πρώτην
815 2703 1039 2778 ἂντιπάθειαν
1068 2685 1165 2798 quani

140 2828 238 2877 vocat
261 2813 449 2896 Hephaestio
472 2837 503 2898 p.
515 2823 568 2903 94.
591 2815 695 2877 Gaiaf.
719 2825 771 2892 55.
791 2815 908 2878 Pauw.
933 2817 974 2878 cf.
999 2817 1102 2880 schol.
1126 2815 1166 2877 ad

141 2915 175 2978 h·
198 2921 306 2994 1.-·;
331 2916 547 2978 differentiam
570 2921 666 2978 talem
689 2920 890 3003 singulorum
911 2917 1051 3002 pedum,
1082 2918 1168 2978 sicut

7 3091 8 3096 ἵ
143 3018 246 3077 iambi
267 3031 300 3084 et
322 3017 480 3091 trochaei,
505 3020 671 3101 anapaesti
693 3035 726 3080 et
746 3019 888 3102 dactyli,
914 3013 1086 3080 ἀντίθεσιν
1109 3041 1169 3083 vo·

145 3133 222 3178 caut
248 3115 389 3177 Aristid.
419 3119 567 3205 Quinctil·
591 3119 630 3180 de
644 3141 725 3181 mue.
746 3143 776 3204 p.
791 3129 842 3201 34.
861 3123 966 3185 Meib.
984 3121 1166 3184 Aristoxeu.

141 3217 287 3301 rhythm.
311 3219 353 3280 fr.
379 3239 412 3302 p·
438 3229 499 3299 298
529 3219 601 3282 init.
624 3235 686 3298 300
709 3223 782 3284 init.
808 3223 858 3285 ed.
881 3225 1013 3286 Motell.
1037 3223 1077 3285 de
1100 3243 1166 3312 quo

139 3323 216 3383 loeo
239 3317 306 3382 vid.
332 3318 471 3404 Geppert
494 3317 570 3384 tiber
591 3322 622 3386 d·
653 3321 746 3387 Veri.
771 3339 833 3389 etc.
855 3348 888 3409 p.
912 3332 962 3389 ai.

225 3417 260 3503 9)
282 3419 463 3503 Autispasti
495 3443 686 3512 quamquam
719 3447 873 3510 persaepe
896 3426 1018 3512 singuli
1039 3427 1164 3491 iambos

143 3523 349 3606 praecedunt,
375 3537 481 3584 tamen
504 3545 559 3586 eos
581 3523 645 3586 huc
666 3528 789 3589 referre
810 3531 907 3600 uolo,
932 3529 1007 3610 quia
1031 3518 1165 3590 non'al·

141 3639 305 3686 ternantes
330 3647 402 3684 cum
424 3624 540 3686 iambis
563 3643 754 3701 occurrunt)
773 3650 846 3693 nam
862 3627 1018 3711 Priapoua
1039 3637 1166 3706 vetans,

146 3721 266 3808 inquo
290 3725 354 3796 hoc
377 3722 447 3787 fieri
470 3741 618 3789 statuunt
638 3747 766 3794 veteres

232 3819 1080 3882 Uzentum-alcamiza&

141 3911 210 3952 non
233 3907 282 3952 eat
303 3897 535 3980 antispasticua
556 3900 740 3968 habendum
762 3901 830 3965 vid.
855 3903 916 3966 inf.
940 3927 974 3966 n·
999 3919 1049 3982 13.

229 3990 285 4068 ιο)
307 3995 455 4083 Aeschyl.
468 4001 581 4084 Suppl.
596 4019 653 4066 rot
667 3998 722 4082 (95
730 4001 803 4080 W·)
815 4017 825 4072 3
839 4017 906 4070 aut·
922 4015 983 4084 108
996 4000 1166 4084 (102W·)i
