<?xml version="1.0" encoding="UTF-8"?>
<!DOCTYPE html PUBLIC "-//W3C//DTD XHTML 1.0 Transitional//EN"
    "http://www.w3.org/TR/xhtml1/DTD/xhtml1-transitional.dtd">
<html xmlns="http://www.w3.org/1999/xhtml" xml:lang="en" lang="en">
 <head>
  <title>
</title>
<meta http-equiv="Content-Type" content="text/html;charset=utf-8" />
  <meta name='ocr-system' content='tesseract 3.04.00' />
  <meta name='ocr-capabilities' content='ocr_page ocr_carea ocr_par ocr_line ocrx_word'/>
</head>
<body>
  <div class='ocr_page' id='page_1' title='image "./deversibusglyco00weisgoog_0037.png"; bbox 0 0 2740 4440; ppageno 0'>
   <div class='ocr_carea' id='block_1_1' title="bbox 580 338 837 404">
    <p class='ocr_par' dir='ltr' id='par_1_1' title="bbox 580 338 837 404">
     <span class='ocr_line' id='line_1_1' title="bbox 580 338 837 404; baseline 0.008 -16"><span class='ocrx_word' id='word_1_1' title='bbox 580 338 837 404; x_wconf 62' lang='grc'><strong>..96-</strong></span> 
     </span>
    </p>
   </div>
   <div class='ocr_carea' id='block_1_2' title="bbox 198 508 1218 607">
    <p class='ocr_par' dir='ltr' id='par_1_2' title="bbox 198 508 1218 607">
     <span class='ocr_line' id='line_1_2' title="bbox 198 508 1218 607; baseline 0.019 -33"><span class='ocrx_word' id='word_1_2' title='bbox 198 508 349 599; x_wconf 73' lang='lat' dir='ltr'><strong>syzygiis</strong></span> <span class='ocrx_word' id='word_1_3' title='bbox 373 523 526 582; x_wconf 73' lang='lat' dir='ltr'><strong>consuat</strong></span> <span class='ocrx_word' id='word_1_4' title='bbox 550 525 586 584; x_wconf 77' lang='lat' dir='ltr'><strong>ei</strong></span> <span class='ocrx_word' id='word_1_5' title='bbox 611 536 686 584; x_wconf 80' lang='lat' dir='ltr'><strong>cum</strong></span> <span class='ocrx_word' id='word_1_6' title='bbox 712 517 750 586; x_wconf 78' lang='lat' dir='ltr'><strong>lis</strong></span> <span class='ocrx_word' id='word_1_7' title='bbox 776 519 866 586; x_wconf 74' lang='grc' dir='ltr'><strong>κατὰ</strong></span> <span class='ocrx_word' id='word_1_8' title='bbox 892 519 1125 607; x_wconf 53' lang='lat' dir='ltr'><strong>conlusisset</strong></span> <span class='ocrx_word' id='word_1_9' title='bbox 1149 524 1218 592; x_wconf 72' lang='lat' dir='ltr'><strong>fru-</strong></span> 
     </span>
    </p>
   </div>
   <div class='ocr_carea' id='block_1_3' title="bbox 199 626 1263 728">
    <p class='ocr_par' dir='ltr' id='par_1_3' title="bbox 199 626 1263 728">
     <span class='ocr_line' id='line_1_3' title="bbox 199 626 1263 728; baseline 0.023 -36"><span class='ocrx_word' id='word_1_10' title='bbox 199 626 311 694; x_wconf 80' lang='lat' dir='ltr'><strong>ctione</strong></span> <span class='ocrx_word' id='word_1_11' title='bbox 343 631 528 705; x_wconf 85' lang='lat' dir='ltr'><strong>rerboruur</strong></span> <span class='ocrx_word' id='word_1_12' title='bbox 553 635 731 706; x_wconf 83' lang='lat' dir='ltr'><strong>coniuncta</strong></span> <span class='ocrx_word' id='word_1_13' title='bbox 766 637 940 727; x_wconf 83' lang='lat' dir='ltr'><strong>leguntur.</strong></span> <span class='ocrx_word' id='word_1_14' title='bbox 976 641 1099 728; x_wconf 81' lang='lat' dir='ltr'><strong>Neque</strong></span> <span class='ocrx_word' id='word_1_15' title='bbox 1131 640 1219 718; x_wconf 77' lang='lat' dir='ltr'><strong>inter</strong></span> <span class='ocrx_word' id='word_1_16' title='bbox 1258 663 1263 672; x_wconf 86' lang='lat'>&#39;</span> 
     </span>
    </p>
   </div>
   <div class='ocr_carea' id='block_1_4' title="bbox 153 747 1220 3909">
    <p class='ocr_par' dir='ltr' id='par_1_4' title="bbox 153 747 1220 3909">
     <span class='ocr_line' id='line_1_4' title="bbox 199 747 1220 846; baseline 0.018 -34"><span class='ocrx_word' id='word_1_17' title='bbox 199 767 314 818; x_wconf 84' lang='lat' dir='ltr'><strong>omncs</strong></span> <span class='ocrx_word' id='word_1_18' title='bbox 339 747 401 816; x_wconf 82' lang='lat' dir='ltr'><strong>has</strong></span> <span class='ocrx_word' id='word_1_19' title='bbox 425 751 550 820; x_wconf 81' lang='lat' dir='ltr'><strong>formas</strong></span> <span class='ocrx_word' id='word_1_20' title='bbox 576 752 752 841; x_wconf 81' lang='lat' dir='ltr'><strong>utriusque</strong></span> <span class='ocrx_word' id='word_1_21' title='bbox 785 757 917 846; x_wconf 77' lang='lat' dir='ltr'><strong>generis</strong></span> <span class='ocrx_word' id='word_1_22' title='bbox 950 757 985 824; x_wconf 89' lang='lat' dir='ltr'><strong>in</strong></span> <span class='ocrx_word' id='word_1_23' title='bbox 1018 756 1162 830; x_wconf 82' lang='lat' dir='ltr'><strong>dubium</strong></span> <span class='ocrx_word' id='word_1_24' title='bbox 1197 785 1220 834; x_wconf 84' lang='lat' dir='ltr'><strong>a</strong></span> 
     </span>
     <span class='ocr_line' id='line_1_5' title="bbox 198 870 1219 958; baseline 0.007 -24"><span class='ocrx_word' id='word_1_25' title='bbox 198 885 376 955; x_wconf 87' lang='lat' dir='ltr'><strong>quoquam</strong></span> <span class='ocrx_word' id='word_1_26' title='bbox 400 870 514 936; x_wconf 84' lang='lat' dir='ltr'><strong>vocari</strong></span> <span class='ocrx_word' id='word_1_27' title='bbox 549 870 696 958; x_wconf 86' lang='lat' dir='ltr'><strong>poterit,</strong></span> <span class='ocrx_word' id='word_1_28' title='bbox 739 872 775 938; x_wconf 89' lang='lat' dir='ltr'><strong>in</strong></span> <span class='ocrx_word' id='word_1_29' title='bbox 811 875 1026 949; x_wconf 68' lang='lat' dir='ltr'><strong>commissura</strong></span> <span class='ocrx_word' id='word_1_30' title='bbox 1057 878 1219 948; x_wconf 82' lang='lat' dir='ltr'><strong>ordinum</strong></span> 
     </span>
     <span class='ocr_line' id='line_1_6' title="bbox 197 981 1217 1083; baseline 0.014 -32"><span class='ocrx_word' id='word_1_31' title='bbox 197 981 321 1052; x_wconf 83' lang='lat' dir='ltr'><strong>diversi</strong></span> <span class='ocrx_word' id='word_1_32' title='bbox 345 987 480 1075; x_wconf 75' lang='lat' dir='ltr'><strong>generis</strong></span> <span class='ocrx_word' id='word_1_33' title='bbox 504 987 624 1073; x_wconf 84' lang='lat' dir='ltr'><strong>thesin,</strong></span> <span class='ocrx_word' id='word_1_34' title='bbox 651 1013 739 1078; x_wconf 85' lang='lat' dir='ltr'><strong>quae</strong></span> <span class='ocrx_word' id='word_1_35' title='bbox 765 993 890 1060; x_wconf 84' lang='lat' dir='ltr'><strong>claudit</strong></span> <span class='ocrx_word' id='word_1_36' title='bbox 908 995 1060 1083; x_wconf 82' lang='lat' dir='ltr'><strong>priorem</strong></span> <span class='ocrx_word' id='word_1_37' title='bbox 1084 997 1142 1064; x_wconf 84' lang='lat' dir='ltr'><strong>vei</strong></span> <span class='ocrx_word' id='word_1_38' title='bbox 1165 999 1217 1064; x_wconf 90' lang='lat' dir='ltr'><strong>in·</strong></span> 
     </span>
     <span class='ocr_line' id='line_1_7' title="bbox 195 1101 1216 1196; baseline 0.017 -29"><span class='ocrx_word' id='word_1_39' title='bbox 195 1101 280 1190; x_wconf 87' lang='lat' dir='ltr'><strong>cipit</strong></span> <span class='ocrx_word' id='word_1_40' title='bbox 304 1105 458 1190; x_wconf 79' lang='lat' dir='ltr'><strong>alterum,</strong></span> <span class='ocrx_word' id='word_1_41' title='bbox 484 1106 668 1196; x_wconf 75' lang='lat' dir='ltr'><strong>ancipitem</strong></span> <span class='ocrx_word' id='word_1_42' title='bbox 677 1131 758 1194; x_wconf 81' lang='lat' dir='ltr'><strong>esse,</strong></span> <span class='ocrx_word' id='word_1_43' title='bbox 785 1111 887 1180; x_wconf 88' lang='lat' dir='ltr'><strong>immo</strong></span> <span class='ocrx_word' id='word_1_44' title='bbox 913 1112 982 1181; x_wconf 91' lang='lat' dir='ltr'><strong>hoc</strong></span> <span class='ocrx_word' id='word_1_45' title='bbox 998 1115 1216 1184; x_wconf 85' lang='lat' dir='ltr'><strong>certissimum</strong></span> 
     </span>
     <span class='ocr_line' id='line_1_8' title="bbox 195 1223 1214 1326; baseline 0.011 -36"><span class='ocrx_word' id='word_1_46' title='bbox 195 1243 266 1288; x_wconf 88' lang='lat' dir='ltr'><strong>esse</strong></span> <span class='ocrx_word' id='word_1_47' title='bbox 291 1223 390 1290; x_wconf 87' lang='lat' dir='ltr'><strong>metri</strong></span> <span class='ocrx_word' id='word_1_48' title='bbox 408 1225 462 1292; x_wconf 86' lang='lat' dir='ltr'><strong>vel</strong></span> <span class='ocrx_word' id='word_1_49' title='bbox 482 1225 608 1294; x_wconf 77' lang='lat' dir='ltr'><strong>ordinis</strong></span> <span class='ocrx_word' id='word_1_50' title='bbox 627 1227 714 1296; x_wconf 87' lang='lat' dir='ltr'><strong>finiti</strong></span> <span class='ocrx_word' id='word_1_51' title='bbox 733 1227 905 1298; x_wconf 88' lang='lat' dir='ltr'><strong>indicium.</strong></span> <span class='ocrx_word' id='word_1_52' title='bbox 932 1231 1053 1322; x_wconf 82' lang='lat' dir='ltr'><strong>ltaque</strong></span> <span class='ocrx_word' id='word_1_53' title='bbox 1066 1234 1102 1300; x_wconf 90' lang='lat' dir='ltr'><strong>in</strong></span> <span class='ocrx_word' id='word_1_54' title='bbox 1115 1257 1214 1326; x_wconf 76' lang='lat' dir='ltr'><strong>syzy-</strong></span> 
     </span>
     <span class='ocr_line' id='line_1_9' title="bbox 193 1341 1213 1448; baseline 0.013 -40"><span class='ocrx_word' id='word_1_55' title='bbox 193 1341 253 1430; x_wconf 82' lang='lat' dir='ltr'><strong>gia</strong></span> <span class='ocrx_word' id='word_1_56' title='bbox 279 1365 440 1430; x_wconf 86' lang='lat' dir='ltr'><strong>quoque,</strong></span> <span class='ocrx_word' id='word_1_57' title='bbox 467 1345 614 1432; x_wconf 84' lang='lat' dir='ltr'><strong>quaein</strong></span> <span class='ocrx_word' id='word_1_58' title='bbox 639 1345 748 1415; x_wconf 84' lang='lat' dir='ltr'><strong>thesin</strong></span> <span class='ocrx_word' id='word_1_59' title='bbox 773 1347 961 1448; x_wconf 81' lang='lat' dir='ltr'><strong>simplicem</strong></span> <span class='ocrx_word' id='word_1_60' title='bbox 987 1352 1073 1437; x_wconf 83' lang='lat' dir='ltr'><strong>exit,</strong></span> <span class='ocrx_word' id='word_1_61' title='bbox 1100 1375 1213 1421; x_wconf 81' lang='lat' dir='ltr'><strong>caussa</strong></span> 
     </span>
     <span class='ocr_line' id='line_1_10' title="bbox 192 1465 1213 1560; baseline 0.01 -34"><span class='ocrx_word' id='word_1_62' title='bbox 192 1482 261 1528; x_wconf 85' lang='lat' dir='ltr'><strong>nou</strong></span> <span class='ocrx_word' id='word_1_63' title='bbox 278 1470 395 1546; x_wconf 84' lang='lat' dir='ltr'><strong>exstat,</strong></span> <span class='ocrx_word' id='word_1_64' title='bbox 422 1479 482 1530; x_wconf 83' lang='lat' dir='ltr'><strong>cur</strong></span> <span class='ocrx_word' id='word_1_65' title='bbox 497 1487 540 1531; x_wconf 86' lang='lat' dir='ltr'><strong>ea</strong></span> <span class='ocrx_word' id='word_1_66' title='bbox 555 1487 690 1554; x_wconf 84' lang='lat' dir='ltr'><strong>semper</strong></span> <span class='ocrx_word' id='word_1_67' title='bbox 707 1465 821 1536; x_wconf 85' lang='lat' dir='ltr'><strong>brevis</strong></span> <span class='ocrx_word' id='word_1_68' title='bbox 840 1469 988 1560; x_wconf 85' lang='lat' dir='ltr'><strong>legatur,</strong></span> <span class='ocrx_word' id='word_1_69' title='bbox 1015 1468 1213 1560; x_wconf 78' lang='lat' dir='ltr'><strong>praesertim</strong></span> 
     </span>
     <span class='ocr_line' id='line_1_11' title="bbox 190 1579 1213 1674; baseline 0.006 -28"><span class='ocrx_word' id='word_1_70' title='bbox 190 1579 251 1646; x_wconf 82' lang='lat' dir='ltr'><strong>nbi</strong></span> <span class='ocrx_word' id='word_1_71' title='bbox 268 1601 344 1648; x_wconf 84' lang='lat' dir='ltr'><strong>eam</strong></span> <span class='ocrx_word' id='word_1_72' title='bbox 359 1582 469 1650; x_wconf 81' lang='lat' dir='ltr'><strong>statim</strong></span> <span class='ocrx_word' id='word_1_73' title='bbox 486 1585 640 1673; x_wconf 86' lang='lat' dir='ltr'><strong>sequitur</strong></span> <span class='ocrx_word' id='word_1_74' title='bbox 656 1588 832 1670; x_wconf 67' lang='lat' dir='ltr'><strong>uuacrusis</strong></span> <span class='ocrx_word' id='word_1_75' title='bbox 860 1609 948 1672; x_wconf 83' lang='lat' dir='ltr'><strong>quae</strong></span> <span class='ocrx_word' id='word_1_76' title='bbox 963 1588 1018 1652; x_wconf 85' lang='lat' dir='ltr'><strong>vel</strong></span> <span class='ocrx_word' id='word_1_77' title='bbox 1028 1607 1213 1674; x_wconf 85' lang='lat' dir='ltr'><strong>exposcere</strong></span> 
     </span>
     <span class='ocr_line' id='line_1_12' title="bbox 188 1696 1212 1793; baseline 0.005 -28"><span class='ocrx_word' id='word_1_78' title='bbox 188 1696 347 1785; x_wconf 83' lang='lat' dir='ltr'><strong>videtur,</strong></span> <span class='ocrx_word' id='word_1_79' title='bbox 373 1710 412 1768; x_wconf 86' lang='lat' dir='ltr'><strong>ut</strong></span> <span class='ocrx_word' id='word_1_80' title='bbox 436 1700 539 1770; x_wconf 84' lang='lat' dir='ltr'><strong>thesis</strong></span> <span class='ocrx_word' id='word_1_81' title='bbox 565 1726 640 1772; x_wconf 88' lang='lat' dir='ltr'><strong>eam</strong></span> <span class='ocrx_word' id='word_1_82' title='bbox 665 1702 870 1793; x_wconf 81' lang='lat' dir='ltr'><strong>praecedens</strong></span> <span class='ocrx_word' id='word_1_83' title='bbox 896 1699 1030 1789; x_wconf 85' lang='lat' dir='ltr'><strong>gravius</strong></span> <span class='ocrx_word' id='word_1_84' title='bbox 1057 1701 1212 1790; x_wconf 80' lang='lat' dir='ltr'><strong>acquirat</strong></span> 
     </span>
     <span class='ocr_line' id='line_1_13' title="bbox 186 1817 1211 1911; baseline 0.003 -26"><span class='ocrx_word' id='word_1_85' title='bbox 186 1827 409 1904; x_wconf 78' lang='lat' dir='ltr'><strong>momentum,</strong></span> <span class='ocrx_word' id='word_1_86' title='bbox 436 1843 506 1909; x_wconf 91' lang='lat' dir='ltr'><strong>qno</strong></span> <span class='ocrx_word' id='word_1_87' title='bbox 532 1823 650 1891; x_wconf 83' lang='lat' dir='ltr'><strong>melius</strong></span> <span class='ocrx_word' id='word_1_88' title='bbox 675 1839 788 1886; x_wconf 85' lang='lat' dir='ltr'><strong>versus</strong></span> <span class='ocrx_word' id='word_1_89' title='bbox 809 1817 848 1882; x_wconf 86' lang='lat' dir='ltr'><strong>¹iu</strong></span> <span class='ocrx_word' id='word_1_90' title='bbox 874 1839 916 1884; x_wconf 86' lang='lat' dir='ltr'><strong>ea</strong></span> <span class='ocrx_word' id='word_1_91' title='bbox 936 1819 1125 1911; x_wconf 79' lang='lat' dir='ltr'><strong>paullisper</strong></span> <span class='ocrx_word' id='word_1_92' title='bbox 1150 1844 1211 1888; x_wconf 85' lang='lat' dir='ltr'><strong>ac-</strong></span> 
     </span>
     <span class='ocr_line' id='line_1_14' title="bbox 187 1935 1212 2030; baseline 0.003 -24"><span class='ocrx_word' id='word_1_93' title='bbox 187 1937 360 2026; x_wconf 79' lang='lat' dir='ltr'><strong>quiescere</strong></span> <span class='ocrx_word' id='word_1_94' title='bbox 385 1940 509 2030; x_wconf 88' lang='lat' dir='ltr'><strong>possit,</strong></span> <span class='ocrx_word' id='word_1_95' title='bbox 556 1949 590 2006; x_wconf 88' lang='lat' dir='ltr'><strong>et</strong></span> <span class='ocrx_word' id='word_1_96' title='bbox 615 1945 760 2024; x_wconf 86' lang='lat' dir='ltr'><strong>utraque</strong></span> <span class='ocrx_word' id='word_1_97' title='bbox 785 1935 1002 2016; x_wconf 80' lang='lat' dir='ltr'><strong>distineatur3</strong></span> <span class='ocrx_word' id='word_1_98' title='bbox 1035 1938 1139 2026; x_wconf 76' lang='lat' dir='ltr'><strong>&#39;quod</strong></span> <span class='ocrx_word' id='word_1_99' title='bbox 1171 1941 1212 2010; x_wconf 85' lang='lat' dir='ltr'><strong>fit</strong></span> 
     </span>
     <span class='ocr_line' id='line_1_15' title="bbox 185 2055 1209 2148; baseline 0 -24"><span class='ocrx_word' id='word_1_100' title='bbox 185 2057 221 2124; x_wconf 86' lang='lat' dir='ltr'><strong>iu</strong></span> <span class='ocrx_word' id='word_1_101' title='bbox 246 2056 396 2126; x_wconf 84' lang='lat' dir='ltr'><strong>versibus</strong></span> <span class='ocrx_word' id='word_1_102' title='bbox 420 2055 827 2145; x_wconf 86' lang='lat' dir='ltr'><strong>iambico-antispasticis,</strong></span> <span class='ocrx_word' id='word_1_103' title='bbox 860 2055 1039 2144; x_wconf 87' lang='lat' dir='ltr'><strong>inquibus</strong></span> <span class='ocrx_word' id='word_1_104' title='bbox 1064 2079 1209 2148; x_wconf 83' lang='lat' dir='ltr'><strong>semper,</strong></span> 
     </span>
     <span class='ocr_line' id='line_1_16' title="bbox 185 2165 1203 2267; baseline -0.002 -25"><span class='ocrx_word' id='word_1_105' title='bbox 185 2177 302 2267; x_wconf 83' lang='lat' dir='ltr'><strong>paucis</strong></span> <span class='ocrx_word' id='word_1_106' title='bbox 327 2177 434 2267; x_wconf 87' lang='lat' dir='ltr'><strong>iisque</strong></span> <span class='ocrx_word' id='word_1_107' title='bbox 458 2197 526 2242; x_wconf 84' lang='lat' dir='ltr'><strong>uon</strong></span> <span class='ocrx_word' id='word_1_108' title='bbox 552 2174 630 2242; x_wconf 78' lang='lat' dir='ltr'><strong>satis</strong></span> <span class='ocrx_word' id='word_1_109' title='bbox 655 2174 754 2244; x_wconf 83' lang='lat' dir='ltr'><strong>certis</strong></span> <span class='ocrx_word' id='word_1_110' title='bbox 781 2175 944 2266; x_wconf 81' lang='lat' dir='ltr'><strong>exemplis</strong></span> <span class='ocrx_word' id='word_1_111' title='bbox 971 2176 1117 2264; x_wconf 79' lang='lat' dir='ltr'><strong>exceptis</strong></span> <span class='ocrx_word' id='word_1_112' title='bbox 1139 2165 1203 2260; x_wconf 82' lang='lat'>⁴⁰),</span> 
     </span>
     <span class='ocr_line' id='line_1_17' title="bbox 182 2289 1205 2386; baseline -0.007 -24"><span class='ocrx_word' id='word_1_113' title='bbox 182 2294 286 2363; x_wconf 88' lang='lat' dir='ltr'><strong>thesis</strong></span> <span class='ocrx_word' id='word_1_114' title='bbox 312 2295 436 2386; x_wconf 87' lang='lat' dir='ltr'><strong>prioris</strong></span> <span class='ocrx_word' id='word_1_115' title='bbox 462 2292 589 2362; x_wconf 87' lang='lat' dir='ltr'><strong>ordinis</strong></span> <span class='ocrx_word' id='word_1_116' title='bbox 608 2294 721 2384; x_wconf 51' lang='lat' dir='ltr'><strong>,longa</strong></span> <span class='ocrx_word' id='word_1_117' title='bbox 745 2294 928 2384; x_wconf 84' lang='lat' dir='ltr'><strong>reperitur.</strong></span> <span class='ocrx_word' id='word_1_118' title='bbox 967 2293 1094 2360; x_wconf 81' lang='lat' dir='ltr'><strong>Contra</strong></span> <span class='ocrx_word' id='word_1_119' title='bbox 1119 2289 1205 2356; x_wconf 82' lang='lat' dir='ltr'><strong>siin</strong></span> 
     </span>
     <span class='ocr_line' id='line_1_18' title="bbox 186 2410 1209 2504; baseline -0.011 -20"><span class='ocrx_word' id='word_1_120' title='bbox 186 2424 333 2504; x_wconf 86' lang='lat' dir='ltr'><strong>utraque</strong></span> <span class='ocrx_word' id='word_1_121' title='bbox 357 2414 501 2502; x_wconf 82' lang='lat' dir='ltr'><strong>stropha</strong></span> <span class='ocrx_word' id='word_1_122' title='bbox 514 2422 548 2478; x_wconf 89' lang='lat' dir='ltr'><strong>et</strong></span> <span class='ocrx_word' id='word_1_123' title='bbox 563 2411 667 2478; x_wconf 88' lang='lat' dir='ltr'><strong>thesis</strong></span> <span class='ocrx_word' id='word_1_124' title='bbox 694 2421 729 2480; x_wconf 90' lang='lat' dir='ltr'><strong>et</strong></span> <span class='ocrx_word' id='word_1_125' title='bbox 744 2437 834 2501; x_wconf 93' lang='lat' dir='ltr'><strong>quae</strong></span> <span class='ocrx_word' id='word_1_126' title='bbox 859 2437 935 2484; x_wconf 87' lang='lat' dir='ltr'><strong>eam</strong></span> <span class='ocrx_word' id='word_1_127' title='bbox 952 2410 1105 2500; x_wconf 84' lang='lat' dir='ltr'><strong>sequitur</strong></span> <span class='ocrx_word' id='word_1_128' title='bbox 1129 2429 1209 2474; x_wconf 85' lang='lat' dir='ltr'><strong>snu-</strong></span> 
     </span>
     <span class='ocr_line' id='line_1_19' title="bbox 187 2518 1209 2623; baseline -0.009 -23"><span class='ocrx_word' id='word_1_129' title='bbox 187 2535 289 2602; x_wconf 81' lang='lat' dir='ltr'><strong>crusis</strong></span> <span class='ocrx_word' id='word_1_130' title='bbox 303 2518 421 2598; x_wconf 67' lang='lat' dir='ltr'><strong>breues</strong></span> <span class='ocrx_word' id='word_1_131' title='bbox 446 2539 534 2615; x_wconf 80' lang='lat' dir='ltr'><strong>sunt,</strong></span> <span class='ocrx_word' id='word_1_132' title='bbox 562 2529 671 2599; x_wconf 78' lang='lat' dir='ltr'><strong>oritrm</strong></span> <span class='ocrx_word' id='word_1_133' title='bbox 682 2533 839 2623; x_wconf 87' lang='lat' dir='ltr'><strong>suspicio,</strong></span> <span class='ocrx_word' id='word_1_134' title='bbox 867 2546 1049 2621; x_wconf 86' lang='lat' dir='ltr'><strong>utramque</strong></span> <span class='ocrx_word' id='word_1_135' title='bbox 1061 2529 1093 2596; x_wconf 86' lang='lat' dir='ltr'><strong>in</strong></span> <span class='ocrx_word' id='word_1_136' title='bbox 1109 2550 1209 2596; x_wconf 88' lang='lat' dir='ltr'><strong>unam</strong></span> 
     </span>
     <span class='ocr_line' id='line_1_20' title="bbox 183 2627 1206 2742; baseline -0.015 -22"><span class='ocrx_word' id='word_1_137' title='bbox 183 2627 372 2720; x_wconf 84' lang='lat' dir='ltr'><strong>coalescere</strong></span> <span class='ocrx_word' id='word_1_138' title='bbox 397 2647 525 2716; x_wconf 89' lang='lat' dir='ltr'><strong>debere</strong></span> <span class='ocrx_word' id='word_1_139' title='bbox 549 2649 662 2718; x_wconf 76' lang='lat' dir='ltr'><strong>thesin</strong></span> <span class='ocrx_word' id='word_1_140' title='bbox 686 2651 902 2742; x_wconf 81' lang='lat' dir='ltr'><strong>bisyllabam.</strong></span> <span class='ocrx_word' id='word_1_141' title='bbox 953 2651 1076 2734; x_wconf 85' lang='lat' dir='ltr'><strong>Neque</strong></span> <span class='ocrx_word' id='word_1_142' title='bbox 1108 2643 1206 2708; x_wconf 78' lang='lat' dir='ltr'><strong>aliter</strong></span> 
     </span>
     <span class='ocr_line' id='line_1_21' title="bbox 185 2757 1205 2861; baseline -0.016 -23"><span class='ocrx_word' id='word_1_143' title='bbox 185 2770 254 2838; x_wconf 92' lang='lat' dir='ltr'><strong>hoc</strong></span> <span class='ocrx_word' id='word_1_144' title='bbox 279 2767 400 2835; x_wconf 87' lang='lat' dir='ltr'><strong>accidit</strong></span> <span class='ocrx_word' id='word_1_145' title='bbox 427 2769 480 2834; x_wconf 87' lang='lat' dir='ltr'><strong>vel</strong></span> <span class='ocrx_word' id='word_1_146' title='bbox 505 2769 574 2855; x_wconf 78' lang='lat' dir='ltr'><strong>ibi,</strong></span> <span class='ocrx_word' id='word_1_147' title='bbox 608 2770 669 2837; x_wconf 87' lang='lat' dir='ltr'><strong>nbi</strong></span> <span class='ocrx_word' id='word_1_148' title='bbox 694 2773 913 2861; x_wconf 83' lang='lat' dir='ltr'><strong>antispastum</strong></span> <span class='ocrx_word' id='word_1_149' title='bbox 938 2761 1018 2826; x_wconf 83' lang='lat' dir='ltr'><strong>arsis</strong></span> <span class='ocrx_word' id='word_1_150' title='bbox 1043 2757 1205 2844; x_wconf 81' lang='lat' dir='ltr'><strong>seqnitur,</strong></span> 
     </span>
     <span class='ocr_line' id='line_1_22' title="bbox 186 2873 1081 2975; baseline -0.016 -17"><span class='ocrx_word' id='word_1_151' title='bbox 186 2891 272 2959; x_wconf 81' lang='lat' dir='ltr'><strong>sicut</strong></span> <span class='ocrx_word' id='word_1_152' title='bbox 302 2887 337 2952; x_wconf 88' lang='lat' dir='ltr'><strong>in</strong></span> <span class='ocrx_word' id='word_1_153' title='bbox 362 2885 527 2957; x_wconf 86' lang='lat' dir='ltr'><strong>dochmiis</strong></span> <span class='ocrx_word' id='word_1_154' title='bbox 553 2899 588 2958; x_wconf 81' lang='lat' dir='ltr'><strong>et</strong></span> <span class='ocrx_word' id='word_1_155' title='bbox 612 2890 647 2956; x_wconf 88' lang='lat' dir='ltr'><strong>in</strong></span> <span class='ocrx_word' id='word_1_156' title='bbox 673 2873 1081 2975; x_wconf 58' lang='lat' dir='ltr'><strong>antispasticosstrochalcis</strong></span> 
     </span>
     <span class='ocr_line' id='line_1_23' title="bbox 337 2981 1153 3100; baseline -0.005 -26"><span class='ocrx_word' id='word_1_157' title='bbox 337 3005 566 3100; x_wconf 70' lang='grc' dir='ltr'><strong>προχαλκεύει</strong></span> <span class='ocrx_word' id='word_1_158' title='bbox 592 2981 1051 3089; x_wconf 49' lang='grc' dir='ltr'><strong>ὃάἷάαφασγᾶνθυρὙθςᾞ</strong></span> <span class='ocrx_word' id='word_1_159' title='bbox 1086 3021 1087 3024; x_wconf 76' lang='grc'>’</span> <span class='ocrx_word' id='word_1_160' title='bbox 1151 3009 1153 3014; x_wconf 69' lang='grc'><strong>’</strong></span> 
     </span>
     <span class='ocr_line' id='line_1_24' title="bbox 274 3205 1206 3302; baseline -0.019 -20"><span class='ocrx_word' id='word_1_161' title='bbox 274 3217 328 3302; x_wconf 59' lang='lat' dir='ltr'><strong>tto)</strong></span> <span class='ocrx_word' id='word_1_162' title='bbox 351 3227 419 3289; x_wconf 90' lang='lat' dir='ltr'><strong>Ubi</strong></span> <span class='ocrx_word' id='word_1_163' title='bbox 441 3223 485 3300; x_wconf 77' lang='lat' dir='ltr'><strong>lin</strong></span> <span class='ocrx_word' id='word_1_164' title='bbox 509 3235 657 3290; x_wconf 73' lang='lat' dir='ltr'><strong>alterutra</strong></span> <span class='ocrx_word' id='word_1_165' title='bbox 681 3211 804 3274; x_wconf 79' lang='lat' dir='ltr'><strong>teritum</strong></span> <span class='ocrx_word' id='word_1_166' title='bbox 836 3209 967 3294; x_wconf 84' lang='lat' dir='ltr'><strong>stropha</strong></span> <span class='ocrx_word' id='word_1_167' title='bbox 991 3209 1092 3271; x_wconf 85' lang='lat' dir='ltr'><strong>thesis</strong></span> <span class='ocrx_word' id='word_1_168' title='bbox 1123 3205 1206 3266; x_wconf 85' lang='lat' dir='ltr'><strong>unti-</strong></span> 
     </span>
     <span class='ocr_line' id='line_1_25' title="bbox 189 3299 1203 3409; baseline -0.019 -25"><span class='ocrx_word' id='word_1_169' title='bbox 189 3327 303 3409; x_wconf 80' lang='lat' dir='ltr'><strong>spnsti·</strong></span> <span class='ocrx_word' id='word_1_170' title='bbox 324 3326 431 3395; x_wconf 77' lang='lat' dir='ltr'><strong>brevis</strong></span> <span class='ocrx_word' id='word_1_171' title='bbox 460 3345 526 3396; x_wconf 59' lang='lat' dir='ltr'><strong>em</strong></span> <span class='ocrx_word' id='word_1_172' title='bbox 561 3316 693 3399; x_wconf 83' lang='lat' dir='ltr'><strong>collegit</strong></span> <span class='ocrx_word' id='word_1_173' title='bbox 730 3335 784 3374; x_wconf 83' lang='lat' dir='ltr'><strong>cos</strong></span> <span class='ocrx_word' id='word_1_174' title='bbox 806 3318 897 3372; x_wconf 82' lang='lat' dir='ltr'><strong>locos</strong></span> <span class='ocrx_word' id='word_1_175' title='bbox 925 3311 1056 3372; x_wconf 78' lang='lat' dir='ltr'><strong>Seidler.</strong></span> <span class='ocrx_word' id='word_1_176' title='bbox 1089 3299 1127 3368; x_wconf 82' lang='lat' dir='ltr'><strong>de</strong></span> <span class='ocrx_word' id='word_1_177' title='bbox 1150 3327 1203 3368; x_wconf 82' lang='lat' dir='ltr'><strong>vv.</strong></span> 
     </span>
     <span class='ocr_line' id='line_1_26' title="bbox 189 3411 1204 3512; baseline -0.021 -24"><span class='ocrx_word' id='word_1_178' title='bbox 189 3427 316 3490; x_wconf 81' lang='lat' dir='ltr'><strong>dochm.</strong></span> <span class='ocrx_word' id='word_1_179' title='bbox 336 3453 368 3512; x_wconf 86' lang='lat' dir='ltr'><strong>p.</strong></span> <span class='ocrx_word' id='word_1_180' title='bbox 393 3443 442 3506; x_wconf 79' lang='lat'><strong>28.</strong></span> <span class='ocrx_word' id='word_1_181' title='bbox 468 3425 507 3487; x_wconf 85' lang='lat' dir='ltr'><strong>cl.</strong></span> <span class='ocrx_word' id='word_1_182' title='bbox 532 3445 566 3483; x_wconf 89' lang='lat' dir='ltr'><strong>ea</strong></span> <span class='ocrx_word' id='word_1_183' title='bbox 592 3438 673 3498; x_wconf 83' lang='lat' dir='ltr'><strong>quae</strong></span> <span class='ocrx_word' id='word_1_184' title='bbox 696 3413 725 3476; x_wconf 83' lang='lat' dir='ltr'><strong>d.</strong></span> <span class='ocrx_word' id='word_1_185' title='bbox 748 3439 803 3478; x_wconf 79' lang='lat' dir='ltr'><strong>vv.</strong></span> <span class='ocrx_word' id='word_1_186' title='bbox 829 3411 1142 3492; x_wconf 75' lang='lat' dir='ltr'><strong>iambico-antispp.</strong></span> <span class='ocrx_word' id='word_1_187' title='bbox 1167 3419 1204 3477; x_wconf 77' lang='lat'><strong>17</strong></span> 
     </span>
     <span class='ocr_line' id='line_1_27' title="bbox 189 3505 1205 3614; baseline -0.029 -19"><span class='ocrx_word' id='word_1_188' title='bbox 189 3553 276 3614; x_wconf 80' lang='lat' dir='ltr'><strong>seqq.</strong></span> <span class='ocrx_word' id='word_1_189' title='bbox 299 3528 462 3614; x_wconf 79' lang='lat' dir='ltr'><strong>disputavi</strong></span> <span class='ocrx_word' id='word_1_190' title='bbox 486 3539 518 3585; x_wconf 87' lang='lat' dir='ltr'><strong>et</strong></span> <span class='ocrx_word' id='word_1_191' title='bbox 541 3523 646 3582; x_wconf 81' lang='lat' dir='ltr'><strong>Herm.</strong></span> <span class='ocrx_word' id='word_1_192' title='bbox 670 3518 703 3578; x_wconf 86' lang='lat' dir='ltr'><strong>in</strong></span> <span class='ocrx_word' id='word_1_193' title='bbox 727 3539 859 3579; x_wconf 84' lang='lat' dir='ltr'><strong>censura</strong></span> <span class='ocrx_word' id='word_1_194' title='bbox 881 3515 985 3576; x_wconf 84' lang='lat' dir='ltr'><strong>libelli</strong></span> <span class='ocrx_word' id='word_1_195' title='bbox 1003 3515 1043 3572; x_wconf 84' lang='lat' dir='ltr'><strong>Z.</strong></span> <span class='ocrx_word' id='word_1_196' title='bbox 1066 3505 1093 3596; x_wconf 63' lang='lat' dir='ltr'><strong>f.</strong></span> <span class='ocrx_word' id='word_1_197' title='bbox 1115 3505 1205 3568; x_wconf 83' lang='lat' dir='ltr'><strong>AW.</strong></span> 
     </span>
     <span class='ocr_line' id='line_1_28' title="bbox 190 3613 1206 3716; baseline -0.016 -31"><span class='ocrx_word' id='word_1_198' title='bbox 190 3645 271 3712; x_wconf 82' lang='lat'>¹835</span> <span class='ocrx_word' id='word_1_199' title='bbox 296 3631 338 3694; x_wconf 78' lang='lat' dir='ltr'><strong>N,</strong></span> <span class='ocrx_word' id='word_1_200' title='bbox 362 3640 412 3706; x_wconf 76' lang='lat'><strong>47.</strong></span> <span class='ocrx_word' id='word_1_201' title='bbox 435 3649 466 3708; x_wconf 89' lang='lat' dir='ltr'><strong>p.</strong></span> <span class='ocrx_word' id='word_1_202' title='bbox 489 3635 562 3707; x_wconf 78' lang='lat'><strong>339.</strong></span> <span class='ocrx_word' id='word_1_203' title='bbox 605 3621 653 3682; x_wconf 88' lang='lat' dir='ltr'><strong>De</strong></span> <span class='ocrx_word' id='word_1_204' title='bbox 678 3641 735 3694; x_wconf 87' lang='lat' dir='ltr'><strong>eo,</strong></span> <span class='ocrx_word' id='word_1_205' title='bbox 759 3617 845 3702; x_wconf 87' lang='lat' dir='ltr'><strong>quod</strong></span> <span class='ocrx_word' id='word_1_206' title='bbox 870 3613 1096 3682; x_wconf 55' lang='lat' dir='ltr'><strong>thesistaliss</strong></span> <span class='ocrx_word' id='word_1_207' title='bbox 1125 3627 1206 3716; x_wconf 78' lang='lat' dir='ltr'><strong>quae</strong></span> 
     </span>
     <span class='ocr_line' id='line_1_29' title="bbox 188 3717 1207 3818; baseline -0.026 -23"><span class='ocrx_word' id='word_1_208' title='bbox 188 3733 350 3818; x_wconf 81' lang='lat' dir='ltr'><strong>praecedit</strong></span> <span class='ocrx_word' id='word_1_209' title='bbox 364 3749 480 3818; x_wconf 72' lang='lat' dir='ltr'><strong>notram</strong></span> <span class='ocrx_word' id='word_1_210' title='bbox 504 3722 686 3796; x_wconf 74' lang='lat' dir='ltr'><strong>sonorosior,</strong></span> <span class='ocrx_word' id='word_1_211' title='bbox 712 3721 746 3781; x_wconf 85' lang='lat' dir='ltr'><strong>in</strong></span> <span class='ocrx_word' id='word_1_212' title='bbox 770 3717 878 3784; x_wconf 81' lang='lat' dir='ltr'><strong>medio</strong></span> <span class='ocrx_word' id='word_1_213' title='bbox 901 3737 998 3779; x_wconf 85' lang='lat' dir='ltr'><strong>versu</strong></span> <span class='ocrx_word' id='word_1_214' title='bbox 1018 3718 1115 3794; x_wconf 79' lang='lat' dir='ltr'><strong>longa</strong></span> <span class='ocrx_word' id='word_1_215' title='bbox 1137 3727 1207 3768; x_wconf 79' lang='lat' dir='ltr'><strong>esse</strong></span> 
     </span>
     <span class='ocr_line' id='line_1_30' title="bbox 153 3823 722 3909; baseline -0.018 -15"><span class='ocrx_word' id='word_1_216' title='bbox 153 3829 159 3834; x_wconf 46' lang='grc'><em>“</em></span> <span class='ocrx_word' id='word_1_217' title='bbox 188 3835 314 3902; x_wconf 82' lang='lat' dir='ltr'><strong>debeat,</strong></span> <span class='ocrx_word' id='word_1_218' title='bbox 338 3829 404 3891; x_wconf 80' lang='lat' dir='ltr'><strong>vid.</strong></span> <span class='ocrx_word' id='word_1_219' title='bbox 428 3829 471 3891; x_wconf 84' lang='lat' dir='ltr'><strong>id.</strong></span> <span class='ocrx_word' id='word_1_220' title='bbox 493 3830 595 3890; x_wconf 80' lang='lat' dir='ltr'><strong>libell.</strong></span> <span class='ocrx_word' id='word_1_221' title='bbox 618 3850 647 3909; x_wconf 80' lang='lat' dir='ltr'><strong>p.</strong></span> <span class='ocrx_word' id='word_1_222' title='bbox 671 3823 722 3900; x_wconf 80' lang='lat'><strong>36.</strong></span> 
     </span>
    </p>
   </div>
   <div class='ocr_carea' id='block_1_5' title="bbox 273 3908 1224 4030">
    <p class='ocr_par' dir='ltr' id='par_1_5' title="bbox 273 3908 1224 4030">
     <span class='ocr_line' id='line_1_31' title="bbox 273 3908 1224 4030; baseline -0.02 -45"><span class='ocrx_word' id='word_1_223' title='bbox 273 3926 326 4004; x_wconf 69' lang='lat' dir='ltr'><strong>itti</strong></span> <span class='ocrx_word' id='word_1_224' title='bbox 355 3931 468 3996; x_wconf 83' lang='lat' dir='ltr'><strong>Aesch.</strong></span> <span class='ocrx_word' id='word_1_225' title='bbox 500 3925 649 4018; x_wconf 53' lang='lat' dir='ltr'><strong>Cho&#39;eph.</strong></span> <span class='ocrx_word' id='word_1_226' title='bbox 679 3925 741 4004; x_wconf 74' lang='lat'><strong>647</strong></span> <span class='ocrx_word' id='word_1_227' title='bbox 772 3921 847 4003; x_wconf 79' lang='lat'>(637</span> <span class='ocrx_word' id='word_1_228' title='bbox 876 3915 962 3994; x_wconf 82' lang='lat' dir='ltr'><strong>W.);</strong></span> <span class='ocrx_word' id='word_1_229' title='bbox 1007 3917 1041 3980; x_wconf 87' lang='lat' dir='ltr'><strong>in</strong></span> <span class='ocrx_word' id='word_1_230' title='bbox 1071 3908 1224 4030; x_wconf 64' lang='lat' dir='ltr'><strong>stropha</strong></span> 
     </span>
    </p>
   </div>
   <div class='ocr_carea' id='block_1_6' title="bbox 188 4031 472 4114">
    <p class='ocr_par' dir='ltr' id='par_1_6' title="bbox 188 4031 472 4114">
     <span class='ocr_line' id='line_1_32' title="bbox 188 4031 472 4114; baseline 0.011 -26"><span class='ocrx_word' id='word_1_231' title='bbox 188 4031 363 4114; x_wconf 75' lang='lat' dir='ltr'><strong>respondet</strong></span> <span class='ocrx_word' id='word_1_232' title='bbox 470 4043 472 4050; x_wconf 83' lang='grc'><strong>“</strong></span> 
     </span>
    </p>
   </div>
   <div class='ocr_carea' id='block_1_7' title="bbox 1349 287 1353 440">
    <p class='ocr_par' dir='ltr' id='par_1_7' title="bbox 1349 157 1353 440">
     <span class='ocr_line' id='line_1_33' title="bbox 1349 287 1353 440; baseline 0 0"><span class='ocrx_word' id='word_1_233' title='bbox 1349 287 1353 440; x_wconf 69' lang='lat' dir='ltr'><strong>i</strong></span> 
     </span>
    </p>
   </div>
   <div class='ocr_carea' id='block_1_8' title="bbox 0 0 1374 4440">
    <p class='ocr_par' dir='ltr' id='par_1_8' title="bbox 0 0 1374 4440">
     <span class='ocr_line' id='line_1_34' title="bbox 0 0 1374 4440; baseline 0 8"><span class='ocrx_word' id='word_1_234' title='bbox 0 0 1374 4440; x_wconf 95' lang='lat' dir='ltr'><strong> </strong></span> 
     </span>
    </p>
   </div>
  </div>
 </body>
</html>
