2740 4440
248 527 361 602 matici
394 538 430 596 et
461 525 660 600 scholiastae
691 529 726 598 in
762 531 878 602 metris
924 533 1165 608 constituendis
1207 550 1265 610 ant

248 647 385 714 omnino
409 669 470 715 nos
495 647 665 737 deserunt,
691 660 751 719 aut
774 660 870 722 certe
892 675 932 720 ea
948 653 1015 740 via,
1041 679 1145 745 quam
1168 659 1263 730 nobis

247 776 445 852 monstrant,
472 789 539 835 non
564 778 642 836 sunt
666 769 839 858 sequendi.
869 771 950 857 Quo
976 773 1133 857 efficitur,
1160 787 1200 846 nt
1223 801 1263 850 ex

247 885 328 976 ipsis
361 895 493 953 tautum
526 887 637 976 poetis
679 887 873 958 discendum
906 890 965 978 sit,
1004 917 1170 983 quaenam
1202 898 1264 968 sint

247 1004 342 1096 leges
369 1013 403 1072 et
426 1004 581 1090 licentiae
605 1028 781 1094 versuum,
819 1017 855 1076 et
885 1009 920 1076 in
956 1035 1118 1102 quasnam
1151 1028 1263 1107 partes

247 1123 399 1214 singulos
424 1123 575 1190 dividere
597 1125 698 1193 liceat
723 1149 800 1194 cunr
825 1129 970 1198 maxima
1005 1133 1154 1204 veritatis
1186 1159 1262 1228 spe·

248 1242 299 1310 cie
310 1233 354 1331 ²)
389 1242 468 1310 Hoc
492 1241 645 1331 inprimis
669 1245 721 1338 11².
733 1245 974 1316 instituendum
997 1252 1070 1338 erit,
1097 1262 1136 1321 nt
1152 1253 1257 1350 quod-
1339 1273 1341 1336 j

247 1360 297 1430 vis
320 1381 479 1430 versuum
502 1383 611 1452 genus
635 1362 786 1432 usitatius
821 1367 1015 1458 singulatim
1049 1374 1261 1458 examinetur,

247 1479 361 1548 variae
386 1479 456 1548 eius
482 1479 613 1548 formae
645 1481 733 1551 inter
766 1507 802 1552 se
836 1499 1076 1578 comparentur
1109 1501 1143 1559 et
1176 1513 1264 1582 qnae

248 1599 424 1691 primitiva
458 1597 618 1688 habenda
654 1601 696 1668 sit
736 1602 943 1694 inquiratur,
992 1607 1142 1697 inprimis
1180 1631 1262 1672 vero

127 1813 129 1818 7
249 1718 350 1786 etiam
373 1718 548 1805 licentiae,
591 1721 764 1810 quaesibi
799 1725 1022 1815 permiserunt
1056 1723 1264 1792 diversarum

247 1847 397 1908 aetatum
423 1847 565 1927 poetae,
610 1839 698 1906 bene
734 1839 996 1934 distinguantur,
1040 1843 1191 1910 locorum
1227 1843 1271 1908 in

184 2025 192 2044 Χ
249 1956 373 2046 quibus
400 1965 582 2024 occurrunt
613 1957 745 2026 ratione
770 1961 885 2028 critica
908 1961 1039 2030 habita.
1087 1959 1190 2026 Cuius
1212 1957 1265 2024 rei

247 2097 350 2142 nemo
375 2072 497 2142 infitias
523 2075 604 2162 ibit,
656 2077 700 2146 A.
727 2078 985 2147 Seidlerum
1020 2081 1056 2146 iu
1089 2078 1179 2145 libro
1216 2074 1268 2142 de

1337 1353 1341 1592 l

250 2192 458 2262 versibus
484 2191 763 2266 dochmiacis
790 2197 976 2290 egregium.
1002 2195 1176 2285 exemplar
1208 2193 1268 2261 de·
1340 2183 1341 2200 ¹

251 2313 357 2399 disse,
395 2335 543 2402 eumque
575 2314 684 2384 virum
719 2318 864 2386 multum
888 2316 932 2382 ad
958 2335 1089 2382 errores
1123 2312 1168 2380 dc
1200 2312 1270 2379 hoc

250 2454 408 2500 versuum
433 2454 561 2523 genere
585 2431 778 2526 divulgatos
807 2433 1058 2528 cognoscendos
1082 2440 1119 2500 et
1151 2431 1268 2500 exstir-

251 2550 383 2642 pandos
409 2551 604 2638 contulisse,
638 2555 761 2643 quibus
786 2556 914 2624 factum
939 2564 1030 2638 erat,
1064 2559 1103 2620 ut
1128 2549 1269 2618 cuiusvis

251 2669 324 2740 fere
339 2669 470 2738 formae
488 2693 612 2755 versus,
639 2671 699 2758 qui
714 2674 826 2740 levem
850 2680 981 2738 tantum
1007 2691 1085 2738 cum
1110 2668 1269 2738 dochmio

251 2789 501 2860 similitudinem
525 2786 696 2874 habebat,
730 2786 984 2879 pro'dochmio
1009 2787 1195 2858 haberetur
1222 2779 1267 2878 ³).

337 3075 374 3147 n)
394 3075 511 3158 Neque
541 3077 576 3136 in
608 3073 671 3137 hoc
692 3076 733 3138 iis
765 3073 1005 3139 assentiendum
1036 3077 1164 3140 videtur
1186 3091 1269 3154 quae

256 3178 454 3240 Hermonnus
472 3191 565 3238 antea
584 3178 618 3236 in
638 3177 724 3240 libro
748 3177 788 3240 de
810 3179 922 3239 metris
943 3190 1111 3260 poctarum
1132 3177 1271 3238 Graeco-

251 3301 322 3342 rum
345 3293 378 3341 et
397 3279 618 3340 Romanorum
640 3299 671 3360 p.
693 3293 722 3354 3.
746 3277 785 3340 de
808 3295 875 3340 arte
898 3281 1030 3340 metrica
1049 3283 1178 3340 locutus
1202 3291 1270 3338 est:

254 3381 335 3442 hanc
365 3379 575 3462 disciplinam¹
597 3375 637 3438 ob
661 3382 854 3460 experientia
878 3398 908 3441 et
927 3398 1095 3465 poetarum
1127 3378 1272 3440 auctori·

253 3499 320 3542 tote
349 3483 476 3544 haurire
498 3504 552 3540 nec
574 3480 660 3558 decet
683 3503 738 3540 nec
761 3498 859 3542 tutum
883 3499 937 3544 est.

336 3581 371 3659 5)
393 3584 444 3644 Ita
466 3583 669 3642 Hermannus
691 3582 726 3642 in
749 3578 874 3646 duobus
897 3604 979 3668 quos
1006 3582 1141 3668 primum
1165 3575 1276 3639 edidit
1340 3565 1341 3586 ³

251 3682 357 3757 libris,
382 3683 530 3744 demetr.
552 3707 584 3765 p.
615 3681 668 3744 Gr.
694 3701 723 3744 et
736 3685 774 3744 R.
796 3685 855 3745 lib.
881 3686 926 3760 H,
952 3707 978 3744 c.
1004 3693 1053 3754 27·
1077 3704 1109 3765 p·
1137 3689 1197 3766 πίῃς
1224 3701 1276 3764 sq.

256 3783 488 3856 Handbuchd.
515 3785 634 3848 Marti
657 3787 701 3860 H,
728 3795 812 3860 1‚5.
836 3782 864 3860 §.
889 3795 947 3862 175
981 3798 1015 3846 et
1046 3799 1116 3866 190.
1149 3782 1278 3868 duplex

253 3887 514 3950 dochmiacorum
536 3910 687 3951 versuum
711 3908 811 3970 genus
834 3885 1028 3970 distinguit,
1051 3891 1186 3950 alterum
1217 3907 1278 3946 an·

252 3990 450 4074 sispasticaa
474 3996 608 4054 alterum
633 3987 818 4050 trochaicae
840 3988 964 4050 formae
