2740 4440
593 350 852 416 ·-14-

211 524 345 594 Eodem
370 526 474 596 modo
500 526 653 596 Aristidis
680 527 897 614 Quinctilium
922 533 1027 601 verbe
1044 534 1235 629 intelligen-

209 647 255 713 de
280 647 542 738 ridentnr‚‚qui
567 647 706 737 quidem
730 650 839 718 multo
864 649 1028 738 maiorem
1052 653 1134 724 hnic
1171 680 1233 748 ge-

209 767 281 834 neri
318 767 486 835 licentiam
520 768 693 854 concedit,
731 769 894 859 cuiusque
925 774 1090 865 syzygiae
1123 775 1234 866 prima

209 897 308 978 perte
332 888 380 956 ita
414 885 576 956 mutanda
591 878 666 978 ²⁰);
703 887 764 958 sed
798 889 833 956 in
857 889 925 957 hoc
963 902 998 959 et
1022 894 1232 983 reliquorum

207 1008 412 1098 scriptorum
466 1007 684 1074 metricorum
732 1008 933 1078 anctoritate
984 1020 1017 1078 et
1072 1015 1229 1104 exemplo

207 1150 327 1196 eorum
359 1149 515 1194 versuum
553 1125 765 1212 confutatur,
804 1128 864 1216 qni
888 1127 975 1196 inter
999 1131 1229 1220 antispasticos

206 1247 399 1314 referuntur
426 1243 537 1334 (velut
563 1244 732 1334 Sapphici
763 1243 1084 1337 heccedecasyllabi‚
1109 1249 1227 1317 Ascle-

195 1359 320 1458 vpiadei
347 1376 380 1434 et
405 1363 598 1453 similirrm);
624 1386 686 1430 nec
704 1363 812 1455 magis
830 1366 997 1455 quadrant
1016 1367 1121 1434 verba
1138 1389 1225 1456 qnae

204 1486 316 1554 statim
341 1493 527 1574 sequnntur
544 1474 618 1574 ²¹),
644 1483 747 1552 immo
771 1483 978 1576 ineptissima
1001 1485 1124 1554 haberi
1145 1509 1224 1576 pos·

203 1617 298 1689 sunt,
342 1604 404 1672 nisi
438 1603 527 1671 forte
562 1611 622 1669 aut
662 1603 826 1669 seriorum
863 1615 1044 1694 poetarum
1079 1605 1225 1688 licentia,

194 1701 296 1794 ⁴cuins
322 1723 419 1792 nobis
444 1745 513 1791 non
538 1731 619 1788 nota
643 1729 719 1788 sunt
746 1721 911 1810 exemplo,
938 1729 996 1788 ant
1021 1721 1148 1790 musica
1172 1745 1227 1788 ra·

199 1848 303 1931 tione,
331 1867 419 1936 qnae
444 1842 586 1911 fortasse
611 1839 691 1907 talia
719 1838 881 1930 permisit,
910 1838 1081 1930 explicare
1109 1841 1225 1909 mavis.

199 2033 303 2099 γαται
326 2009 400 2088 ταῖς
422 2005 606 2095 ἰαμβικαῒς,
631 1991 669 2066 οὗ
692 1998 793 2088 μόνον
815 1997 879 2089 τὴν
902 1998 1038 2094 πρώταν
1063 2002 1225 2093 συζυγίαν

201 2111 276 2200 ἔχει
300 2106 503 2202 τρεπομένην
528 2100 617 2169 κατὰ
640 2098 700 2168 τὸν
723 2099 884 2194 πρότερον
907 2101 1017 2188 πόδα,
1052 2103 1143 2170 ἀλλὰ
1166 2104 1222 2168 καὶ

199 2213 263 2304 τὴν
285 2215 359 2292 ταῖς
381 2207 556 2300 ιάμβικαῖς
579 2203 750 2297 ἑπομένην.
763 2201 867 2273 ’Ἔστι
892 2205 926 2272 δὲ
950 2203 1008 2275 ὅτε
1031 2201 1085 2268 καὶ
1099 2196 1218 2266 λύεται

200 2320 216 2385 ὁ
239 2313 398 2407 πρότερος
418 2305 499 2392 ποὺς
521 2311 563 2392 εἰς
583 2311 791 2400 τρίβραχυν.
835 2316 957 2378 Eadem
986 2311 1083 2371 habet
1108 2309 1218 2370 Draco

160 2403 165 2410 ”
201 2427 374 2490 Stratonic.
401 2418 548 2481 demetr.
571 2439 605 2501 p.
632 2417 703 2495 165.
729 2417 778 2480 ed.
802 2416 931 2480 Herm.
956 2413 1012 2496 qui
1033 2411 1079 2473 ib.
1101 2435 1134 2496 p.
1160 2407 1221 2471 166

200 2528 296 2588 etiarn
320 2522 431 2584 chorei
462 2521 501 2594 (i.
526 2541 554 2580 e·
575 2519 752 2596 tribrachi,
789 2522 832 2582 cf.
859 2519 991 2601 Dionys.
1016 2514 1055 2576 de
1078 2533 1220 2594 compos.

199 2627 285 2690 verb.
308 2647 333 2685 s.
360 2637 398 2697 17
421 2644 453 2707 p.
479 2632 540 2697 105
561 2623 622 2690 R.;
661 2624 829 2705 Hephaest.
864 2644 891 2682 c.
915 2623 933 2687 ὅ
958 2631 989 2677 et
1011 2613 1041 2673 5.
1066 2635 1096 2693 p.
1118 2623 1153 2681 51
1179 2611 1221 2668 G.

200 2744 238 2798 17
260 2729 297 2789 P.
322 2717 338 2786 ὁ
362 2715 426 2810 γὰρ
449 2717 583 2808 χορεῖος
612 2718 674 2785 τοῦ
699 2716 827 2807 ἰάμβου
852 2708 921 2778 ἐστὶ
945 2701 1047 2782 λύσις.
1074 2708 1221 2772 Diomed.

198 2855 230 2916 p.
254 2841 327 2909 475.
351 2831 388 2889 P.
411 2839 472 2906 432
499 2821 552 2902 G.)
574 2827 773 2887 mentionem
797 2819 887 2882 fecit.

259 2965 260 2972 ε
284 2927 336 3007 20)
360 2927 494 2990 Aristid.
523 2926 672 3010 Oninctil.
696 2925 735 2985 de
758 2941 837 2982 mus.
860 2916 916 2977 lib.
938 2915 968 2990 I,
990 2935 1023 2995 p.
1046 2920 1090 2990 54
1111 2913 1219 2976 Meib.

197 3033 298 3118 (apud
322 3034 424 3094 Gaisf.
449 3033 487 3093 nd
509 3029 687 3112 Hephaest.
711 3047 743 3106 p.
771 3014 842 3100 198)
864 3005 925 3089 τὰς
943 3007 1110 3100 εἰρημένας
1131 3011 1220 3100 wi*

198 3153 261 3210 σεις
290 3129 351 3195 τοῦ
374 3125 449 3193 κατ’
473 3119 585 3214 ἀρχὴν
607 3117 704 3197 ποδὸς
732 3115 763 3180 ἐν
786 3110 874 3201 πάσα
906 3107 1005 3200 χώρᾳ
1039 3109 1217 3201 παραλαμ-

195 3229 301 3313 βάνων
333 3235 389 3315 (sc.
422 3224 462 3294 πὸ
494 3214 758 3290 ἂνπισπασπικὸν
794 3216 897 3301 γένος)
932 3209 995 3302 τὴν
1028 3209 1213 3298 κατάληξιν

197 3327 390 3424 εὐπρεπείας
413 3326 521 3394 ἕνεκεν
544 3327 586 3403 εἰς
608 3316 773 3410 ἰαμβιαὴν
798 3312 1132 3406 καθαρᾶνποιεῖται.

283 3441 334 3515 or)
358 3441 408 3501 Ib.
432 3460 463 3519 p.
486 3445 528 3511 55
551 3431 657 3495 Meib.
682 3420 800 3513 ὁμοίως
823 3417 954 3506 καὶτῆς
976 3414 1132 3508 ἰαμβικῆς
1153 3403 1213 3471 πᾶν

184 3535 355 3628 ’πρότερον
395 3528 481 3598 πεδὰ
521 3527 643 3618 πρέπον
685 3526 726 3606 εἰς
762 3518 840 3604 τοὺς
881 3516 1018 3598 λοιποὺς
1059 3502 1214 3629 δισυλλαὶ.

193 3643 284 3723 βους,
309 3637 413 3704 ἐνίοτε
437 3631 471 3698 δὲ
494 3631 535 3712 εἰς
553 3629 746 3721 τρίβραχυν
773 3625 792 3716 ἦ
818 3621 1044 3690 ἀνάπαιστον,
1076 3608 1128 3676 διὰ
1151 3631 1214 3697 την

194 3737 273 3829 πρὸς
294 3735 352 3805 τὸν
377 3733 502 3827 ἴαμβον
526 3732 728 3822 συγγένειαν.
774 3737 866 3818 Quae
890 3731 986 3793 verba
1020 3723 1215 3783 Hermonem

193 3848 359 3926 (demetr.
386 3862 488 3929 poert.
525 3847 578 3908 Gr.
615 3858 648 3904 et
678 3841 774 3900 Rom.
807 3855 839 3917 p.
875 3835 929 3900 πε)
962 3828 999 3888 de
1027 3824 1096 3884 basi
1129 3821 1214 3882 dicta

194 3971 259 4009 non
283 3963 370 4008 recte
394 3949 515 4019 credit,
553 3969 650 4034 quum
675 3945 746 4025 ipse
767 3940 878 4022 paullo
900 3945 975 4016 post
997 3953 1027 4014 p.
1055 3939 1093 4002 25
1117 3923 1212 3993 dicat,

192 4049 283 4108 basin
307 4059 431 4134 semper
454 4054 493 4115 ab
516 4054 578 4117 ami
602 4045 722 4128 excipi.
773 4071 777 4078 =
