2740 4440
589 371 847 436 ..40-

205 547 303 640 pitee
329 555 413 617 auat
438 547 650 642 impediunt,
690 551 881 643 qrtomiauo
905 554 1134 626 continuetur
1163 582 1227 630 or-

213 665 275 752 do,
298 689 373 760 per
388 687 428 735 se
444 669 642 738 sumendae
657 679 760 755 sunt,
787 693 862 763 qna
888 692 931 740 re
955 676 1121 745 noscitur
1151 679 1227 780 bu·

206 785 289 870 ste,
321 786 407 879 quia
433 787 529 854 omui
552 786 789 857 continuitate
806 801 937 860 curent
952 795 1133 885 syllabae.
1160 801 1227 870 Et-

207 905 295 970 enim
321 906 516 994 ubicunque
532 905 620 972 duae
638 908 695 974 vel
712 909 829 998 plures
847 912 999 1000 syllabae
1017 890 1176 1008 deinceps
1191 923 1226 988 in

205 1046 320 1092 versus
339 1023 435 1091 initio
463 1023 646 1116 leguntur,
686 1049 777 1116 quae
808 1051 885 1096 curn
910 1034 1128 1120 sequentibus
1157 1061 1224 1107 non

205 1143 387 1212 arctissime
422 1141 608 1212 cohaerere
641 1144 817 1233 ridentur,
854 1158 893 1217 ut
927 1149 1131 1240 rhythmum
1158 1157 1222 1226 ha-

205 1261 309 1329 beant
335 1271 370 1329 et
394 1263 491 1351 quasi
526 1271 638 1330 totum
672 1264 836 1353 quiddam
874 1268 1040 1357 efficiant,
1075 1277 1172 1342 arsin'
1190 1287 1222 1348 et

203 1379 315 1448 thesin
348 1381 383 1444 in
408 1379 447 1445 iis
472 1378 650 1470 dignoscas
676 1403 810 1451 necesse
836 1394 905 1471 est,
936 1412 1081 1477 quarum
1114 1394 1220 1462 altera

203 1497 345 1564 alteram
375 1496 521 1587 excipit3
559 1498 682 1587 quodsi
715 1522 797 1570 vero
835 1503 1051 1576 Hermannus
1084 1511 1225 1582 basino

81 1651 84 1658 v
203 1615 335 1684 duabus
355 1615 483 1684 arsibus
510 1627 662 1685 constare
688 1617 788 1705 dicit,
822 1644 965 1708 quarum
990 1637 1137 1714 utraque
1163 1655 1254 1728 anu·

104 1779 113 1796 .
203 1755 283 1824 ceps
303 1756 373 1802 esse
388 1735 506 1824 possit,
534 1736 615 1825 quia
631 1737 675 1803 ab
693 1745 839 1826 utraque
855 1759 961 1808 novus
976 1742 1117 1833 incipiat
1137 1748 1226 1841 rhy.

201 1852 337 1934 thmus3
380 1854 539 1944 profecto
581 1855 704 1922 mirum
738 1856 774 1922 in
807 1857 948 1926 modum
984 1859 1227 1956 discerpuntur

200 1982 316 2064 partes
341 1970 557 2061 rhythmicae
583 1975 657 2052 talis
690 1997 823 2061 versus,
863 2001 969 2067 quum
997 1983 1112 2071 potins
1141 2011 1226 2057 con-

199 2091 289 2184 necti
316 2090 474 2158 debeant.
499 2090 611 2181 igitur
637 2067 721 2160 duas
746 2094 886 2162 veltres
905 2089 1064 2186 syllabas,
1091 2126 1133 2170 ex
1148 2108 1224 2191 qui.

199 2211 263 2278 bus
280 2209 369 2278 basis
386 2218 529 2296 constat,
550 2209 598 2278 iti
615 2211 649 2276 in
666 2233 773 2280 unum
797 2205 1047 2308 coniungendas
1072 2239 1152 2302 esse,
1179 2227 1219 2284 ut

198 2331 286 2397 arsin
313 2338 347 2396 et
371 2328 482 2396 thesin
507 2328 542 2395 iu
567 2329 606 2398 iis
632 2328 826 2422 agnoscas,
848 2343 986 2402 naturae
1019 2335 1221 2404 convenien-

199 2448 363 2520 tissimum
397 2447 594 2538 apparebit.
633 2447 702 2517 Sed
729 2451 763 2518 in
789 2451 858 2521 hoc
890 2453 959 2520 iam
985 2452 1154 2522 dubitatio
1181 2473 1224 2518 ex

201 2589 243 2634 eo
269 2565 359 2632 nasci
383 2574 519 2656 potest,
556 2568 654 2660 qnod
679 2569 862 2660 rhythmus
887 2573 1008 2638 baseos
1021 2561 1074 2656 ⁶⁶)
1100 2569 1224 2636 variari

198 2684 364 2773 videatur,
393 2686 526 2777 quippe
552 2711 642 2776 quae
668 2697 702 2753 et
726 2687 830 2758 iambi
857 2693 891 2747 et
916 2681 1069 2746 trochaei
1086 2683 1224 2753 schema

199 2804 365 2891 admittat,
391 2803 439 2874 ita
470 2811 508 2869 nt
530 2803 635 2870 modo
660 2801 851 2879 iambicum,
879 2793 983 2862 modo
1009 2798 1223 2870 trochaicum

198 2945 378 2994 numerum
402 2918 534 2988 habere
568 2917 735 2985 rideatur.
773 2914 894 3001 Itaque
920 2914 1080 2984 brevibus
1111 2940 1222 3009 expo-

197 3042 348 3112 nendum
363 3041 441 3128 erit,
468 3060 557 3128 quae
582 3036 624 3102 sit
651 3054 726 3100 mea
743 3031 786 3098 de
812 3031 931 3106 baseos
948 3043 1068 3100 natura
1086 3046 1218 3104 senten·

198 3160 256 3248 tia,
283 3184 352 3250 qua
369 3159 538 3247 illa,quae
558 3150 789 3223 contradicere
803 3150 868 3226 sibi
887 3151 1054 3238 videntur,
1070 3153 1105 3218 in
1116 3175 1212 3222 unum

199 3280 458 3368 coniungantur,
485 3274 616 3347 ratione
642 3281 850 3356 metrorum,
877 3270 912 3336 in
937 3272 1061 3360 quibus
1086 3268 1209 3362 reperi-

84 3389 88 3401 ’
197 3410 254 3468 tur
280 3395 379 3482 basis,
406 3405 441 3462 et
468 3392 605 3480 ordinis,
633 3414 703 3481 quo
728 3389 880 3483 primum
906 3389 957 3466 usi
981 3398 1059 3478 sunt
1083 3396 1214 3484 poetae,

197 3589 401 3605 W

281 3696 337 3778 66)
361 3699 458 3786 Quod
491 3698 531 3761 ad
553 3711 678 3794 tempus
703 3710 736 3756 et
764 3697 923 3756 rationem
947 3709 1087 3756 mutuam
1111 3711 1222 3754 arseos

199 3818 231 3864 et
253 3802 382 3864 theseos
406 3806 542 3876 attinet,
577 3821 613 3861 ea
636 3813 722 3863 certe
746 3795 833 3886 apud
855 3797 995 3879 tragicos
1021 3808 1134 3878 poetas
1158 3791 1223 3854 sibi

199 3920 345 3966 constare
369 3909 476 3968 statim
499 3901 705 3969 videbimus;
738 3898 772 3959 h.
794 3901 815 3958 1.
838 3911 963 3957 tantum
987 3895 1133 3958 ordinem
1158 3914 1222 3978 quo

199 4007 277 4073 arsis
302 4021 335 4076 et
357 4005 458 4080 thesis
482 4026 552 4076 sese
576 4003 769 4088 excipiunt.
793 3998 936 4083 intelligi
960 3997 1067 4064 velim·
1167 3990 1169 3993 .
