2740 4440
377 633 452 736 De
485 676 661 736 numero
696 647 869 735 baseos.

221 1041 353 1148 Quodsi
377 1059 438 1144 iis,
464 1081 554 1152 quae
588 1057 694 1127 modo
719 1058 910 1150 disputavi,
948 1069 1042 1125 extra
1071 1053 1144 1126 ιΙιι-Ι

115 1179 317 1252 bitationem
342 1179 494 1270 positum
518 1173 674 1265 videtur,
708 1175 792 1245 duas
825 1177 958 1268 priores
993 1175 1139 1264 syllabas

115 1298 296 1390 (veltres,
323 1295 428 1364 modo
454 1295 553 1364 binae
572 1296 692 1364 breves
724 1295 807 1386 sint)
833 1296 878 1362 ab
903 1295 1000 1362 initio
1025 1316 1139 1362 versus

115 1416 292 1505 Glyconei
316 1415 537 1506 seiungendas
555 1437 637 1500 esse,
663 1413 798 1504 quippe
818 1400 907 1502 quae
924 1414 1020 1502 quasi
1038 1413 1141 1502 prae?

116 1533 251 1602 ludiuin
277 1543 311 1604 et
335 1533 492 1622 rhythmi
508 1531 663 1600 introitus
680 1554 750 1600 esse
764 1532 961 1622 videantur3
987 1555 1041 1598 aas
1060 1553 1137 1598 curn

113 1651 315 1718 Hermanno
348 1651 483 1718 basin
509 1651 698 1740 appellare
730 1650 849 1718 liceat:
898 1649 990 1718 cuius
1024 1659 1139 1718 tamen

113 1791 205 1858 qnae
230 1768 273 1836 sit
297 1778 419 1837 natura
445 1777 481 1836 et
504 1791 672 1855 mensura,
699 1769 879 1860 ambigunt
903 1767 1067 1836 VV.DD.
1094 1769 1141 1834 Et

113 1887 402 1953 Hermannus
428 1877 627 1976 quidem⁶¹)
664 1909 706 1954 ex
731 1886 864 1955 duabus
890 1886 1018 1954 ansibus
1044 1886 1141 1954 nudis
1231 1863 1234 1871 Ι

116 2003 216 2074 basin
242 2012 394 2072 constare
420 2004 523 2090 dicit,
562 2028 706 2095 quarum
741 2004 878 2094 quaevis
913 2027 1037 2095 anceps
1073 2027 1143 2072 esse

115 2121 235 2210 possit,
263 2113 583 2214 transmeamus,
609 2123 809 2209 trochaeus,
835 2123 967 2192 iambus
995 2132 1028 2190 et
1054 2146 1143 2214 pyr-

113 2238 270 2308 rhichius
296 2241 416 2309 baseos
442 2241 558 2310 locum
579 2236 701 2308 'tenere
726 2240 879 2332 possint3
905 2252 1023 2311 contra
1048 2241 1161 2332 apud'

117 2357 245 2445 lyricos
270 2353 450 2427 Dorienses
477 2369 511 2426 et
536 2359 686 2450 tragicos
724 2349 844 2450 poetas
869 2359 1005 2429 maioris
1030 2360 1144 2452 gravi-

116 2474 195 2542 tatis
212 2497 327 2542 caussa
342 2476 597 2545 alteramutram
614 2487 746 2548 tantum
765 2478 853 2546 arsin
870 2478 1062 2572 ancipitem,
1090 2479 1142 2548 al·
1200 2463 1209 2472 ’

115 2602 225 2659 teram
244 2593 385 2685 longam
397 2617 478 2682 esse,
496 2595 532 2662 in
548 2597 735 2665 recentiore
752 2607 866 2666 autem
884 2597 1062 2690 tragoedia
1074 2598 1143 2688 (in-

114 2709 159 2778 de
174 2708 218 2777 ab
229 2709 288 2779 01.
299 2711 350 2782 89
375 2715 431 2780 vel
449 2713 517 2804 90)
545 2725 579 2782 et
603 2716 639 2782 in
665 2715 841 2785 comoedia
860 2717 1030 2786 interdum
1054 2718 1145 2786 solvi

115 2852 216 2919 P⁰SS⁶
228 2830 317 2898 hanc
331 2831 483 2925 bugam·
512 2831 641 2900 omisa
652 2833 979 2912 haecssoeckhiu
992 2835 1060 2905 sde
1074 2837 1146 2904 basi
1210 2915 1214 2930 Ι
1265 2851 1270 2862 ’

117 2945 166 3010 ita
188 2940 419 3037 disputat⁶²):
447 2949 590 3018 Nomen
617 2955 848 3026 commodum
877 2954 1010 3029 invenit
1039 2955 1144 3024 Her-

9 3049 24 3062 *
120 3050 296 3150 marinas,
332 3085 412 3134 rem
431 3088 574 3160 param
606 3069 693 3139 milri
718 3072 865 3146 videtur
894 3076 1146 3170 perspexisse.

117 3175 204 3249 Nos
225 3181 296 3250 hoc
313 3183 495 3253 vocabulo
523 3189 760 3280 appellamus
788 3192 955 3263 ordinem
981 3193 1146 3266 troclari-

114 3319 199 3368 cam
224 3321 272 3370 ex
299 3323 370 3370 aaa
393 3292 514 3399 pede,
541 3308 603 3400 qai
630 3309 844 3404 longiorum
870 3311 1041 3380 ordinum
1067 3321 1147 3378 tro-

116 3417 336 3491 cleaicoram
355 3429 392 3496 el
410 3425 684 3518 dactylicarum
696 3430 849 3522 primae
866 3429 947 3500 orsi
954 3429 1145 3527 praefigi-

123 3604 325 3644 *nb—...-

204 3737 257 3814 61)
278 3743 328 3802 De
351 3758 443 3804 metr.
465 3745 568 3829 poe'tt.
590 3747 620 3820 Ι,
643 3761 675 3821 7.
699 3771 731 3830 p.
756 3766 823 3818 ar.;
854 3747 935 3810 Hclb.
960 3750 990 3814 cl.
1017 3755 1146 3820 ateiris,

116 3835 146 3911 I,
170 3840 203 3906 3·
226 3838 255 3909 d·
277 3851 348 3919 39·;
373 3846 477 3908 Elem.
502 3847 532 3907 d.
555 3870 597 3910 na·
621 3837 652 3930 p.
675 3848 717 3926 63
741 3873 788 3937 sq.
1217 3835 1228 3844 ³

202 3935 260 4019 62)
283 3942 335 4006 De
357 3959 449 4008 metr.
471 3945 564 4007 Pind.
589 3948 645 4006 lib.
669 3950 695 4010 i.
719 3972 786 4032 cap.
813 3970 860 4011 10.
885 3977 914 4035 p·
939 3957 992 4029 65.
1103 3993 1104 3996 ¹
