2740 4440
502 394 545 406 .-
588 325 633 420 “5
699 392 741 406 .,

111 561 166 610 naa
191 536 380 630 agnoveris,
405 535 494 604 muri
519 534 664 606 omno
684 545 724 612 et,
743 534 862 604 ordine
887 536 1038 626 quodam
1061 539 1131 610 ‹lis-

109 657 214 749 positi
230 664 455 740 exstruantur,
480 653 664 744 inquibus
689 664 899 752 perpetuum
924 667 959 725 et
978 680 1132 770 eommo-

108 777 193 848 dum
217 775 442 860 domicilium,
487 774 790 864 atempeetatibus
828 784 863 842 et
896 775 974 844 nive
1006 787 1129 867 tutum,

107 896 239 966 habere
263 893 383 984 possis.

211 1013 308 1082 Haec
332 1012 377 1080 de
400 1009 603 1102 iisinprimis
620 1010 802 1102 disciplinis
819 1011 887 1080 dici
903 1037 1013 1105 posse,
1040 1041 1130 1108 quae

108 1131 229 1203 nostris
265 1130 401 1202 demam
439 1130 654 1220 temporibus
696 1131 862 1200 formatae
897 1144 978 1201 sunt
1013 1147 1049 1205 et
1084 1139 1147 1206 ad·

106 1250 218 1320 lucem
243 1253 419 1344 prolatae,
458 1271 671 1338 quarumque
701 1250 802 1342 origo
827 1253 1027 1322 nostratium
1053 1259 1129 1346 qui.
1255 1307 1258 1314 ,

107 1367 251 1438 busdam
276 1371 353 1438 viris
380 1369 526 1460 egregiis
553 1367 716 1454 debetur,
749 1369 849 1438 facile
874 1372 1030 1474 quisque¹
1043 1399 1128 1445 con-

106 1486 216 1553 cedet.
243 1488 290 1554 Et
314 1487 546 1555 metricam
570 1483 731 1576 artem¹)
764 1489 852 1556 inter
886 1514 941 1558 eas
973 1494 1128 1563 referen-

105 1601 186 1670 dam
212 1627 281 1673 esse
304 1605 380 1698 quis
405 1602 539 1696 neget?
591 1627 680 1694 quae
702 1605 776 1674 fere
799 1629 908 1698 usque
943 1611 987 1686 ad
1023 1615 1128 1685 finem
1217 1681 1228 1704 „

102 1721 228 1791 saeculi
265 1724 491 1816 praeterlapsi
526 1724 693 1792 rarissime
731 1735 766 1794 et
800 1727 848 1794 ita
888 1738 1019 1799 tentum
1053 1743 1127 1801 tra⁴
1185 1785 1189 1792 .

102 1850 193 1910 outa
218 1853 301 1928 erat,
327 1852 367 1911 ut
392 1843 564 1911 erroribus
580 1853 735 1912 veterum
751 1849 1052 1936 grammaticorum
1076 1853 1127 1920 in-

100 1957 283 2028 haererent
293 1961 370 2028 VV.
396 1960 475 2028 nl).
503 1983 629 2050 eosque
653 1962 759 2029 vitare
784 1985 851 2032 non
877 1979 1034 2057 possent3
1059 1971 1125 2039 do-

102 2097 165 2144 nec
191 2077 237 2145 G.
262 2079 544 2147 Hermannus
577 2079 653 2149 illos
692 2085 945 2173 grammaticos
965 2098 999 2157 et
1023 2090 1123 2160 echo:

98 2193 211 2264 liastas
236 2196 433 2288 castigavit,
466 2196 669 2268 methodum
694 2190 813 2270 eorum
838 2227 927 2294 pure
952 2209 1122 2278 mechani-

99 2335 175 2380 cam
200 2316 350 2406 expulit,
391 2327 565 2407 recteque
590 2341 703 2386 versus
728 2320 763 2386 in
788 2325 959 2412 membra,
994 2350 1063 2396 non
1087 2331 1122 2398 in
1228 2381 1229 2386 η

100 2439 216 2518 partes
241 2435 370 2520 pariter
387 2464 388 2468 ¹
405 2436 675 2524 quadrisyllabas
701 2436 852 2508 dividere
886 2443 1012 2514 (locuit.
1064 2451 1120 2517 Ab

98 2546 161 2614 illo
186 2546 267 2615 inde
291 2549 338 2616 ad
362 2553 604 2620 accuratiorem
629 2568 815 2628 metrorum
849 2561 1059 2653 singulorum
1086 2581 1120 2639 et

96 2666 318 2758 stropharum
343 2671 572 2762 eognitionenr
597 2675 767 2763 perveniri
802 2700 902 2768 posse
933 2707 1010 2774 spes
1045 2703 1120 2759 orta

97 2795 165 2876 est,
197 2792 310 2876 neque
335 2771 376 2855 ea
401 2791 506 2858 nostri
530 2793 655 2862 saeculi
680 2793 834 2865 homines
858 2801 962 2890 plane
985 2805 1118 2878 fefellit.

94 2903 142 2970 Et
167 2905 201 2970 in
226 2903 293 2973 hae
319 2899 497 3000 disciplina
522 2920 615 2978 recte
639 2913 725 2980 vidit
748 2915 962 2988 Hermannus
981 2934 1015 2990 et
1040 2929 1119 3018 ple-

94 3022 214 3108 rique,
253 3024 313 3111 qni
347 3026 416 3093 eius
451 3025 624 3096 doctrinae
650 3041 684 3098 et
709 3032 905 3103 institutioni
931 3041 1117 3130 plurimum

95 3136 242 3222 debent,
269 3139 408 3230 eiusque
435 3146 631 3237 exemplum
655 3152 759 3218 secuti
784 3156 944 3225 metricae
968 3164 1033 3230 arti
1058 3187 1115 3234 ex·
1140 3190 1145 3196 ·

93 3255 258 3324 colendae
273 3281 425 3350 operam
451 3285 635 3354 novavere,
674 3280 752 3338 ante
777 3274 889 3341 omnia
913 3277 958 3344 ad
983 3281 1116 3374 singula

91 3375 242 3444 anirum
267 3376 511 3481 advertendum
537 3407 625 3472 esse,
665 3411 753 3478 quae
786 3413 828 3459 ex
853 3407 1033 3484 poetarum
1059 3427 1114 3472 ve·

91 3502 203 3562 terum
228 3496 374 3567 lectione
397 3499 527 3569 hauriri
552 3506 701 3594 possint,
736 3511 818 3599 quia
842 3523 979 3586 veteres·
997 3543 1112 3612 gram·

95 3661 295 3684 ὓ--ι

181 3779 213 3852 1)
237 3787 314 3845 Earn
337 3787 487 3871 inprimis
515 3809 638 3874 partem
671 3797 763 3870 dico,
802 3819 885 3883 quae
908 3801 947 3865 nd
968 3799 1111 3875 'Graeco-

88 3901 160 3940 rum
197 3888 336 3950 carmina
366 3896 572 3974 systematica
610 3911 643 3960 et
675 3900 818 3964 canticos
853 3905 1004 3973 thoricos
1040 3914 1110 3997 per·

88 3981 184 4042 tinet.

816 4106 896 4174 Α*
