2740 4440
515 343 793 410 ·-at-

144 538 296 635 suctum
320 552 409 604 ease.
434 561 487 582 -·
511 561 564 581 -
588 519 748 616 Syllaba
770 542 907 614 anceps
926 517 1055 614 igitur,
1071 539 1178 612 quoe

154 658 208 728 ad
232 654 445 748 rhythmum
470 645 589 739 ipsum
614 661 846 735 nequaquem
872 641 1010 726 atteret,
1036 641 1102 708 aed
1131 659 1178 708 aa

154 771 436 870 comparatione
461 761 697 858 syllabarum
710 769 755 832 et
779 783 826 828 en
846 759 1032 854 positione
1060 761 1179 852 expli·
1214 818 1217 826 .

155 893 282 966 cauda
317 897 390 973 est,
431 884 469 954 ira
502 883 559 951 bis
583 880 742 950 numerio
769 879 921 970 (ionicis,
966 879 1181 965 choriambis,

147 1003 448 1100 antispasti&
484 1002 604 1071 tecum
637 1021 711 1070 nore
743 1007 857 1085 terret,
895 999 1031 1094 quippo
1073 1019 1182 1090 quum

159 1130 199 1199 bi
215 1127 340 1222 mugio
356 1125 409 1194 ud
425 1123 614 1204 musicam,
640 1117 756 1189 iambi
773 1126 907 1204 nutem,
934 1117 1100 1186 trochaei
1126 1125 1183 1188 at·

159 1271 230 1342 que
255 1245 397 1337 dactyli
421 1240 547 1334 magia
573 1239 626 1308 ad
652 1237 857 1308 orationem
875 1236 1072 1306 videantur
1092 1257 1186 1329 per-

159 1369 288 1437 tinere.
321 1361 485 1432 Profecto
511 1380 579 1428 non
604 1367 737 1430 tantum
761 1357 971 1426 intercedere
997 1365 1112 1447 potest
1137 1353 1188 1422 di·

161 1483 324 1555 acriminis
355 1480 442 1546 inter
467 1476 625 1568 syzygias
651 1486 686 1543 et
711 1499 765 1543 eas
791 1486 882 1543 certe
907 1475 1065 1566 dipodius
1099 1495 1188 1564 qnae

165 1625 243 1672 cnm
267 1601 333 1666 illis
358 1597 569 1666 alternantur
594 1617 625 1662 e.
653 1617 684 1661 c.
709 1593 797 1662 inter
822 1593 1058 1662 choriambum
1083 1603 1118 1660 et
1133 1592 1188 1663 di-

162 1720 316 1788 iambum
333 1707 404 1806 3”));
430 1735 541 1804 neque
575 1713 697 1782 desunt
722 1712 897 1802 exempla,
924 1713 1108 1802 inquibus
1136 1711 1189 1779 di-

162 1838 268 1908 iambi
290 1836 391 1904 huius
418 1832 584 1902 unacrnsis
608 1833 715 1924 longa
746 1831 894 1922 legitur.;
928 1853 1039 1900 nonne
1070 1831 1189 1906 diiam-

164 1957 252 2040 bus,
287 1954 347 2042 qui
382 1951 603 2041 antispastum
636 1952 672 2018 iu
706 1950 887 2042 Glyconeo
924 1950 1021 2040 sequi
1054 1951 1189 2038 dicitur,

167 2069 311 2141 eundem
328 2069 506 2139 admittere
524 2069 711 2140 credendus
728 2069 805 2138 esti
831 2071 1014 2140 Praeterea
1032 2071 1191 2162 complu-

141 2189 143 2192 ’
166 2213 206 2260 ru
223 2198 354 2260 exstant
377 2209 504 2280 genera
519 2209 678 2254 versuum
700 2189 923 2256 iambieomm
946 2187 1191 2279 dactylicornm

167 2319 203 2378 et
226 2308 498 2394 trochaicomm,
529 2327 618 2395 qnae
643 2303 686 2372 ad
712 2306 992 2396 compositionem
1020 2308 1194 2374 stichicam

144 2435 205 2519 xvet
234 2427 281 2492 ud
312 2427 589 2494 declamationem
612 2447 796 2514 nunqnam
825 2423 1096 2514 adhibebantur,
1133 2424 1194 2494 sed

170 2567 306 2636 semper
338 2552 470 2610 tantum
504 2543 542 2608 in
577 2543 711 2610 canticis
747 2543 889 2612 choricis
924 2555 958 2614 et
992 2545 1106 2635 lyricis
1133 2567 1194 2614 oc-

171 2671 322 2750 currnnt,
351 2683 461 2750 caque
490 2683 660 2753 persaepe
685 2661 873 2731 interillos
898 2685 1031 2750 versus,
1058 2665 1119 2752 qni
1152 2685 1195 2732 ex

255 2876 310 2964 39)
332 2881 526 2944 Praesertim
549 2904 648 2966 quum
670 2897 798 2946 veteres
814 2882 880 2946 sibi
898 2906 964 2944 non
987 2897 1138 2944 constent
1160 2881 1211 2946 ins

131 2997 138 3002 ·
171 3006 234 3048 usu
261 2984 354 3048 vocis
386 2985 585 3066 syzygia,
630 2985 719 3068 quod
752 2986 815 3044 ium
854 2985 1051 3045 Hermannus
1084 2997 1196 3046 monet

175 3080 214 3141 de
246 3095 341 3141 metr.
371 3093 474 3163 poett.
495 3105 527 3164 p.
559 3097 599 3158 37
629 3106 698 3167 sqq.
731 3089 805 3146 coll.
842 3085 974 3147 Aristid.
1013 3088 1136 3174 Quinct.
1166 3085 1195 3149 1.

164 3203 207 3263 p.
230 3180 284 3254 56.
306 3191 358 3258 52.
382 3180 434 3248 ed·
453 3182 559 3249 Meib.
581 3183 662 3252 Atii,
687 3185 856 3251 Fortunat.
879 3211 911 3271 p.
936 3187 1018 3265 2688
1040 3185 1116 3268 (335
1139 3185 1196 3260 G.)

177 3282 260 3348 Ptot.
282 3305 316 3365 p.
340 3279 422 3360 2628
445 3283 557 3362 (248);
581 3287 698 3368 quibus
718 3287 799 3350 adde
824 3291 909 3351 Mor.
927 3291 1045 3353 Victor.
1067 3312 1099 3373 p.
1114 3288 1197 3370 2490

175 3382 226 3462 (61
254 3383 312 3456 G.)
335 3384 553 3477 quibiuorum
577 3389 694 3470 pedum
709 3392 972 3456 coniunctionem
992 3396 1196 3476 qualemcun-

177 3507 240 3570 que
261 3485 384 3549 busin
406 3502 514 3559 vocat,
539 3492 662 3570 parium
686 3493 1004 3575 tantopodiam,
1028 3493 1198 3575 imparium

176 3589 414 3670 syzygiamt
438 3602 471 3652 et
495 3588 638 3658 Diomed.
653 3594 715 3665 111,
739 3615 771 3676 p.
782 3593 846 3670 476
857 3594 937 3670 (454
948 3590 1005 3668 G.)
1019 3594 1075 3676 qui
1089 3613 1200 3654 omnes

181 3703 405 3768 quaternarum
427 3690 621 3772 syllabarum
651 3691 749 3776 pedes
773 3694 973 3778 syzygias
996 3707 1109 3764 vocat3
1145 3693 1200 3756 de·

181 3788 279 3870 nique
305 3791 401 3851 Mart.
431 3791 584 3852 Theodor.
604 3815 636 3876 p.
659 3807 721 3870 532
746 3795 815 3859 Gai.
841 3795 898 3876 qui
927 3799 980 3857 vel
1007 3800 1201 3878 pentasylla·

181 3887 232 3952 bis
263 3905 297 3950 et
324 3890 541 3972 hexasyllabis
563 3893 626 3956 hoc
648 3917 766 3962 nomen
790 3896 864 3971 dat,
902 3917 1093 3980 quamquam
1124 3895 1200 3960 huin

179 3993 474 4068 loco‚cum1acuna
489 3997 673 4083 praecedat,
685 4021 795 4086 parum
812 3999 887 4064 fidei
898 3997 1046 4064 habendo
1060 3995 1199 4062 videtur·
