2740 4440
529 325 791 432 ...29ss
925 348 1022 398 '-

152 556 288 641 pateat,
324 543 427 618 ualde
460 553 624 636 cognatos
659 563 729 612 esse
762 537 1111 634 debere-Glycunecs
1135 537 1188 605 lis

67 714 70 722 -
149 679 338 739 metrorum
364 665 558 756 generibus,
586 682 675 754 quae
699 662 810 732 thesin
827 662 991 729 binarum
1002 679 1010 710 ·.
1020 659 1176 728 brevium

150 786 301 872 habent,
343 783 476 874 quippe
511 784 633 873 quibus
669 791 739 850 tum
771 797 875 872 saepe
909 779 1177 871 coniunguntur}

149 905 245 974 unde
269 901 448 970 verisimile
472 903 530 988 lit,
569 901 757 990 Glyccneis
788 905 928 990 quoque
952 898 1025 965 tale
1048 895 1178 986 pedum

154 1043 263 1112 genus
288 1021 409 1107 inesse,
453 1030 489 1088 et
524 1020 618 1088 binus
643 1021 716 1087 illus
741 1019 861 1088 breves
885 1019 921 1084 in
945 1015 1060 1084 medie
1088 1013 1178 1102 Gly-

154 1159 262 1208 coneo
286 1162 354 1207 nun
379 1138 601 1230 seiungendas
627 1135 688 1205 sed
713 1135 955 1204 connectendas
980 1154 1062 1202 esse.

258 1258 392 1326 Deinde
416 1276 499 1324 vero
525 1257 562 1323 id
587 1277 727 1345 quoque
763 1271 931 1346 magnam*
957 1251 1181 1344 suspicionem

157 1386 276 1444 centra
301 1376 549 1465 antispastieam
573 1397 687 1443 uersus
704 1374 874 1463 Glyconei
899 1389 1090 1440 mensurum
1106 1389 1182 1436 mc·

156 1515 239 1562 vere
263 1493 416 1582 videtur,
455 1493 550 1584 quod
584 1502 679 1558 tanta
713 1493 836 1581 prioris
862 1492 970 1581 partis
995 1489 1097 1581 primi
1124 1507 1182 1554 uu·

156 1612 301 1700 tispasti.
314 1613 455 1679 varietas
482 1635 553 1680 esse
579 1610 713 1694 dicitur,
739 1610 787 1675 ita
809 1619 848 1678 ut
875 1609 968 1676 nulla
994 1607 1063 1674 eius
1089 1615 1182 1672 certa

151 1749 309 1798 mensura
339 1731 497 1798 constitui
512 1729 651 1820 possit,
678 1726 741 1794 nisi
766 1750 828 1814 en,
855 1749 959 1817 quern
983 1725 1182 1815 Geppertus

153 1849 297 1916 tentavit
311 1880 349 1918 -ε
390 1873 418 1914 ε
459 1867 487 1916 u.
522 1895 571 1932 υ,
606 1847 643 1914 in
677 1869 747 1936 qun
780 1857 894 1912 tumen
927 1845 1184 1934 trisyllaborum

156 1965 376 2033 schemnvix
395 1965 444 2032 ite
470 1965 614 2055 exprimi
640 1965 778 2056 poterit,
805 1972 845 2031 ut
876 1963 1075 2031 excludatur
1100 1983 1185 2052 pru·

159 2084 427 2164 celeusmaticus3
478 2085 677 2172 praesertim
708 2105 817 2174 quum
850 2083 959 2150 altem
993 2103 1073 2173 pers
1099 2079 1184 2146 auti·

156 2202 263 2294 spasti
284 2201 393 2291 (sicut
406 2202 530 2290 reliqui
546 2203 730 2292 antispasti,
761 2202 885 2270 scilicet
910 2201 945 2268 in
969 2199 1184 2291 longioribus

155 2322 329 2406 versibus,
356 2344 441 2410 qnos
467 2321 675 2411 parimodo
702 2322 930 2411 antispasticos
960 2295 1100 2405 vocant)
1128 2339 1187 2382 nea

161 2439 365 2507 curatissime
399 2421 608 2528 syllnbaruur
652 2438 796 2508 eandem
838 2438 1060 2529 quantitatem
1068 2471 1073 2478 .,
1103 2434 1186 2524 reti·
1224 2441 1230 2460 '

161 2564 259 2641 ucat3
294 2577 406 2645 neque
441 2558 627 2647 quidquam
650 2561 774 2627 mutari
798 2559 904 2643 sinat,
942 2563 1079 2646 praeter
1110 2555 1187 2622 lon·

158 2697 283 2766 garum
309 2675 519 2764 syllabarum
554 2677 767 2745 solutionem.
819 2676 1002 2742 Rationem
1035 2671 1185 2760 quidem,

159 2817 230 2883 qua
255 2793 456 2884 Geppertus
482 2793 518 2861 in
542 2796 633 2863 libre
669 2794 713 2864 de
738 2793 925 2864 Hermnnni
953 2791 1087 2860 tlreoria
1112 2813 1188 2858 me-

158 2912 265 2980 tricae
289 2912 369 2980 anis
395 2913 455 2980 illa
484 2923 638 3001 excusat,
675 2937 745 2982 nen
770 2913 926 2982 sufficere
951 2932 1063 3000 neque
1089 2909 1189 2999 quid.-

2 3099 13 3112 .
122 3078 124 3082 ·
166 3051 268 3118 quam
299 3032 473 3118 probare,
524 3023 691 3124 supra47)
719 3031 901 3103 ostendisse
933 3030 1017 3098 milri
1050 3030 1189 3109 videon

165 3169 276 3235 neque
309 3147 498 3214 Hermanni
530 3162 789 3242 argumentum,
823 3150 958 3218 licentia
994 3151 1057 3216 istu
1082 3159 1191 3216 totam
1277 3146 1280 3152 ’

161 3265 261 3356 pedis
287 3275 441 3334 naturam
467 3269 733 3360 antispastieanr.
754 3269 956 3355 disturbari,
989 3267 1044 3336 his
1077 3266 1190 3340 verbis

160 3385 405 3452 labefactatum
430 3409 500 3454 esse
525 3387 660 3457 videtur
675 3379 749 3478 ⁴⁰):
778 3386 988 3482 Autispasli
1012 3407 1141 3454 nomen
1163 3406 1189 3452 a

161 3505 324 3574 metricis
349 3505 531 3576 inventum
557 3515 622 3594 est,
648 3529 759 3599 quum
785 3507 890 3601 apud
911 3503 1073 3574 Murices
1090 3501 1190 3573 Cho-

168 3677 373 3692 D--n--U—-O

251 3787 306 3867 47)
329 3783 406 3855 Vid.
431 3813 519 3874 supr.
541 3815 574 3874 p.
611 3808 651 3854 no
675 3812 721 3874 sq.
743 3821 785 3834 -
812 3791 910 3874 Gepp.
932 3795 955 3854 1.
977 3793 1002 3854 1.
1024 3813 1057 3874 p.
1079 3805 1136 3868 53.

252 3908 309 3984 48)
331 3909 386 3970 De
407 3933 440 3973 v.
465 3907 560 3991 Glyc.
593 3932 628 3994 p.
654 3910 790 3985 15·init·
814 3913 857 3975 cl.
895 3907 1000 3970 Herm.
1030 3912 1133 3971 Elem.
1156 3907 1189 3971 d.

165 4027 209 4064 m·
232 4027 268 4093 p.
292 4017 366 4083 520.
