2740 4440
426 315 781 425 ’-ιδ’-

138 541 232 608 Haec
257 539 328 608 sere
353 547 441 620 sunt,
468 559 557 626 quac
583 535 706 604 Graeci
736 541 946 629 grammatici
972 551 1005 610 et
1031 544 1160 610 metrici

134 659 178 726 de
204 657 272 727 hoc
289 679 446 728 versuum
464 677 592 746 genere
607 665 768 745 statuunt,¹
794 659 1028 728 Romanorum
1045 686 1159 754 gram-

133 778 273 846 maticos
299 799 394 844 nuuc*
413 775 599 865 praeterire
623 777 742 859 liceat;
767 779 826 867 qui
854 779 996 846 eandem
1022 780 1160 868 quidem

134 920 252 986 quam⁴
268 893 487 1000 Hephaestio¹
508 895 623 985 legem
649 897 938 987 antispasticorum
962 910 1160 990 agnoscunt,

135 1036 249 1101 neque
273 1012 317 1080 id¹
333 1037 439 1104 genus
465 1013 569 1104 plane
594 1036 637 1082 ex
661 1038 801 1085 numero
827 1029 1013 1086 metrorum
1030 1019 1160 1111 princi-

136 1131 266 1220 palium
281 1123 355 1220 ²¹¹³)
393 1132 586 1200 eximendos
612 1145 765 1220 censent,
791 1145 903 1204 tamen
939 1139 1012 1205 fere
1046 1161 1161 1206 omnes

135 1249 315 1340 Glyconeo
352 1262 387 1317 et
411 1250 641 1318 Pherecurteo
679 1251 882 1341 dactylicam
907 1267 967 1323 aut
992 1257 1159 1343 choriam-

135 1370 246 1438 bicum
279 1391 469 1438 mensuram
504 1370 674 1456 tribuunt,
710 1369 753 1437 de
788 1395 856 1460 qna
891 1374 924 1438 in
958 1375 1027 1441 fine
1060 1374 1161 1446 huius

136 1489 256 1575 capitis
281 1487 479 1556 videbimus.
504 1488 604 1556 Illam
628 1511 710 1555 vero
736 1490 780 1556 de
804 1493 1049 1582 compositione
1070 1497 1159 1587 Gly-
1185 1504 1188 1512 '

138 1606 233 1670 couci
258 1606 471 1695 antispastica
495 1609 694 1674 sententiam
720 1631 762 1674 ex
788 1632 830 1676 eo
855 1612 1066 1702 potissimum
1089 1640 1160 1684 ma-

135 1744 228 1790 nasse
252 1723 370 1811 liquet,
397 1725 491 1814 quod
517 1726 648 1794 metrici
674 1736 707 1794 et
732 1727 932 1798 scholiastae
952 1756 1066 1801 omnes
1081 1759 1161 1804 ver·
1238 1739 1244 1746 “

135 1865 200 1924 sus,
228 1843 288 1930 qui
313 1865 381 1910 nou
407 1853 528 1932 aperte
554 1867 596 1912 ex
621 1867 690 1912 uuo
717 1847 906 1938 eodemque
932 1875 1059 1942 genere
1094 1877 1160 1946 pc·
1202 1891 1207 1896 ·

138 1959 222 2025 dum
260 1971 411 2028 constant
449 1961 551 2050 (sicut
577 1963 758 2050 trochaici,
797 1967 968 2056 iambicis
992 1971 1160 2061 dactylici,

137 2078 352 2166 anapaestici,
378 2081 549 2172 paeonici)
575 2083 619 2148 ab
641 2083 737 2151 initio
753 2087 902 2178 syzygiis
919 2100 1159 2178 quaternarum

134 2195 346 2283 syllabarum
371 2201 621 2286 metiebantur,
648 2225 709 2270 nec
734 2205 935 2296 rhythmum
961 2209 1160 2299 primarium

136 2315 314 2402 exquirere
350 2325 384 2382 et
418 2319 463 2383 ab
501 2319 657 2407 eparchis
690 2332 794 2410 atque
829 2328 978 2404 clausula
1002 2353 1161 2419 separare

137 2433 328 2499 studebant.
352 2433 442 2502 Hinc
467 2459 628 2526 perversa
653 2443 748 2530 apud
773 2467 831 2512 eos
856 2454 1044 2514 metrorum
1063 2449 1157 2518 sche·

138 2559 245 2634 mata,
280 2549 360 2636 hinc
384 2552 526 2641 ridicula
551 2577 710 2625 versuum
734 2564 869 2628 nomina
896 2563 944 2652 (e.
971 2589 1000 2634 c.
1028 2568 1158 2657 epioni-

134 2645 251 2735 corum
287 2679 321 2736 et
346 2670 733 2763 epichoriambiccrum,
773 2680 832 2769 qui
857 2681 943 2749 falso
970 2683 1044 2754 κατ’
1072 2690 1159 2758 ἀντι-

132 2785 272 2856 πάθειαι)
300 2795 417 2885 ysaaci
436 2791 663 2883 perhibentur
683 2787 753 2888 22))
778 2775 859 2868 hinc
883 2799 1095 2876 incredibiles
1120 2807 1159 2872 li·

130 2974 335 2998 Ἡ

220 3083 299 3162 21¹³)
327 3091 415 3150 Mar.
446 3089 561 3159 Victor.
590 3099 647 3159 lib.
670 3101 716 3162 Il.
749 3101 823 3164 init.
852 3126 883 3189 p.
909 3118 990 3186 2513
1024 3112 1078 3192 (92
1104 3111 1159 3184 G.)

133 3201 309 3274 prototypa
324 3195 375 3253 vel
390 3194 606 3276 primiformia
625 3206 765 3286 appellnt
788 3203 868 3266 haec
882 3223 999 3270 metra:
1024 3209 1159 3294 dactyli·

131 3309 217 3362 cum,
242 3295 492 3375 anapaesticum,
513 3301 704 3378 iambicum,
734 3305 943 3381 trochaicum,
965 3309 1159 3373 choriambi·

130 3411 216 3464 cum,
240 3393 496 3478 antispasticum,
520 3402 641 3476 ionica,
665 3406 868 3487 paeonicum.
901 3410 993 3492 Quae
1017 3411 1055 3472 de
1079 3416 1158 3496 Gly-

81 3567 85 3577 .
131 3493 223 3552 correi
246 3517 394 3558 mensure
417 3513 575 3578 statuant,
599 3503 665 3566 vid.
688 3507 748 3566 inf.
772 3523 841 3570 not.
864 3521 915 3586 58.

215 3595 272 3665 22)
296 3597 368 3658 Nec
389 3601 814 3680 RomanoeGremmaticos‚
840 3629 1030 3694 quamquam
1054 3622 1155 3699 plera·

134 3694 332 3768 quentellus
361 3700 534 3780 dividunt,
573 3706 612 3766 ab
648 3708 711 3770 ista
750 3709 872 3792 ineptia
896 3716 991 3795 plene
1014 3718 1154 3782 intactos

133 3789 251 3887 fuisse,
285 3800 430 3862 ostendit
460 3809 552 3867 locus
580 3808 666 3867 Mar.
695 3809 775 3868 Plot.
810 3809 849 3872 dc
883 3803 972 3878 metr.
1005 3843 1035 3902 p.
1069 3823 1150 3900 2657

128 3890 206 3970 (290
220 3895 288 3969 Β.)
308 3901 366 3961 ubi
390 3905 634 3988 antispasticurn
665 3909 1009 3992 hephthernimericum
1032 3923 1150 3982 Phere-

126 3995 266 4058 cratium
289 4020 328 4060 ex
341 4001 470 4086 hippio,
496 4008 519 4067 i.
540 4029 568 4068 e.
583 4009 728 4090 epitrito,
743 4028 868 4091 quarto,
893 4013 1005 4097 lrippio
1031 4022 1148 4102 primo,
