2740 4440
218 503 255 574 in
279 505 439 597 venitm,
465 533 611 604 quorum
637 513 724 586 alter
749 517 1041 614 alterumexcipit,
1065 524 1158 596 idem
1182 553 1244 622 ge·

220 632 282 696 nus
307 637 494 702 metrorum
518 635 657 726 agnosci
682 637 829 727 poterit,
860 638 895 707 in
920 662 1072 714 errorem
1095 647 1243 718 incidere

219 743 276 814 vix
300 769 497 838 possumne,
533 751 662 822 etiamsi
687 776 755 822 non
781 757 897 848 quoad
917 759 1071 854 cingulas
1095 768 1242 857 syllabas

221 877 378 937 accurate
403 868 468 938 sibi
492 871 738 961 respondeant3
772 877 895 965 quodsi
919 903 1001 950 vero
1026 893 1158 956 tanturn
1183 911 1241 957 co·

219 992 341 1076 gnatos
368 993 403 1056 ot
428 989 615 1059 consimiles
639 991 821 1083 rhythmos
839 997 945 1082 inesse
969 995 1146 1093 putamus,
1180 1008 1242 1076 sic·

218 1111 259 1174 ut
296 1105 476 1176 trochaeos
510 1117 546 1178 et
578 1112 737 1200 creticos,
782 1114 912 1185 iambos
946 1129 981 1186 ct
1015 1122 1239 1215 choriambus,

219 1231 319 1290 caute
343 1234 476 1295 tautum
499 1225 567 1296 hac
591 1229 723 1299 ratione
756 1233 920 1304 utendum
954 1249 1022 1324 est,
1059 1245 1140 1332 quia
1172 1269 1236 1328 non
1343 1327 1345 1336 A

217 1338 405 1412 admodum
429 1343 499 1412 rari
535 1359 612 1416 eunt
648 1371 762 1420 versus
798 1351 873 1422 κατ’
908 1355 1126 1436 ἀντιπάθειαι)
1159 1387 1238 1432 con-

214 1458 334 1530 iuncti.
359 1461 400 1532 Iu
426 1486 497 1553 quo
522 1487 566 1534 ne
590 1464 811 1536 diversissima
835 1472 1094 1567 confundantur,
1122 1492 1156 1551 et
1180 1483 1239 1573 qui

217 1571 270 1646 de¹
288 1603 330 1648 ea
353 1603 392 1650 re
416 1581 567 1655 iudicare
591 1587 666 1655 vult
690 1585 725 1654 iu
762 1600 898 1659 errores'
918 1604 953 1661 et
986 1595 1238 1666 haesitationem

216 1697 361 1787 incidat,
397 1710 476 1771 ante
501 1704 614 1772 omnia
647 1707 879 1795 quaerendum
904 1723 974 1798 eat,
1012 1714 1147 1804 quinam
1164 1716 1239 1785 aiut

215 1816 305 1888 iuter
330 1843 366 1890 se
391 1820 513 1891 similes
539 1823 693 1914 rhythmi
719 1825 887 1911 habendi3
924 1839 999 1899 nam
1034 1831 1102 1900 hoc
1124 1833 1238 1924 inpri-
1344 1883 1345 1930 5

215 1937 278 2006 mia
305 1949 460 2010 accurate
485 1941 811 2016 deliniaturneceese
828 1959 886 2034 est,
914 1950 995 2041 quia
1012 1973 1054 2020 ex
1078 1969 1120 2020 ab
1146 1953 1239 2042 cpti-
1344 1937 1345 1966 ¹

214 2079 273 2128 me
297 2056 342 2126 de
366 2082 447 2128 vera
470 2083 643 2155 versuum*
665 2063 921 2156 Glyconeorum
955 2078 1075 2138 natura
1107 2069 1244 2160 (utrum

214 2175 437 2275 choriambici
461 2203 505 2250 an
529 2181 689 2276 'dactylici
701 2182 851 2254 habendi
875 2183 1132 2277 siahscntaatia
1156 2187 1243 2282 ferri

215 2297 357 2396 poterit.
372 2291 388 2340 ⁷
400 2289 436 2388 ¹³)

215 2465 422 2491 Μ

218 2565 341 2629 Contra
364 2566 514 2654 Choeph.
536 2571 601 2652 466
621 2569 699 2655 (459
722 2569 792 2650 W.)
817 2555 843 2634 td
868 2563 965 2659 δόμος
986 2563 1131 2656 ἐγγενής.

343 2684 410 2732 ant·
433 2693 464 2736 v.
487 2679 547 2752 471
572 2673 649 2756 (464
670 2669 740 2747 W.)
764 2664 913 2758 δώμασιν
946 2665 1108 2761 ἔμμοτον.

213 2791 282 2832 nou
303 2771 470 2835 dochmios
492 2772 549 2835 aed
583 2774 819 2836 choriambicos
842 2775 996 2840 dimetros
1027 2778 1239 2862 brachycata-

213 2875 317 2936 lectos
341 2895 429 2952 esse,
451 2873 592 2960 probant
614 2875 824 2938 choriambici
847 2876 976 2940 dimetri
998 2881 1178 2942 catalectici
1202 2894 1240 2942 et

217 2971 381 3057 Glyconei
403 2975 684 3062 hypercatalecti;
708 2978 794 3040 inter
817 3000 898 3062 quos
922 2987 1028 3044 nullm
1048 3004 1159 3046 versus
1182 3004 1240 3044 ex·

216 3091 290 3146 stat,
313 3079 370 3162 qul
393 3092 518 3140 tantum
539 3101 599 3164 pro
623 3078 774 3143 dochmio
796 3079 909 3142 baberi
933 3086 1048 3166 poerit.

299 3171 359 3256 7¹³)
382 3179 455 3264 Qua
488 3179 527 3242 de
559 3201 595 3242 re
628 3203 726 3264 quum
759 3183 853 3246 valde
876 3185 1040 3268 ambigant
1061 3187 1132 3250 VV.
1156 3187 1238 3246 DD·

214 3281 250 3344 ln
272 3282 423 3365 proximo
446 3301 542 3364 quem
565 3280 656 3344 odam
678 3284 790 3346 libello
812 3285 911 3348 verba
934 3286 1041 3348 facero
1064 3287 1099 3348 in
1129 3280 1238 3344 animo

165 3384 170 3395 '
214 3398 282 3454 estr
326 3403 514 3466 persuasum
536 3384 623 3445 enim
654 3383 735 3446 milri
764 3384 888 3463 babeo,
927 3387 1111 3470 Glyconeoe
1131 3395 1240 3459 neque

212 3485 312 3546 unice
334 3483 592 3561 choriambicor,
631 3509 738 3572 neque
760 3492 856 3552 unice
880 3473 1239 3583 dactylico-logaoedi·

182 3569 188 3580 ⁸
214 3605 271 3650 ooo
292 3584 470 3660 habendos,
494 3587 548 3649 sed
572 3587 693 3672 duplex
716 3610 826 3651 eorum
850 3613 950 3676 genua
973 3577 1239 3664 distinguendum

215 3709 298 3762 aare,
323 3690 458 3748 alterum
482 3689 688 3774 dactylicum,
713 3694 851 3754 cuiuset
865 3715 951 3755 arses
972 3685 1056 3750 solvi
1070 3693 1240 3766 nequeunt

216 3803 250 3851 et
271 3789 467 3872 paenultima
491 3813 616 3875 semper
639 3793 745 3856 brevis
777 3807 843 3867 eet,
882 3799 1018 3855 alterum
1052 3779 1240 3849 choriambi·

215 3913 303 3966 cam,
339 3893 431 3960 cuius
462 3909 495 3959 et
527 3915 613 3962 arses
643 3894 727 3956 solvi
750 3908 886 3981 possunt
909 3909 941 3957 ct
963 3891 1163 3987 paenultima
1186 3906 1242 3946 ⁸11·-

218 4013 292 4084 oeps
315 3995 486 4079 reperitur.
