2740 4440
533 309 642 371 ...7
729 345 771 358 ...

144 511 209 577 que
234 487 372 586 accidat,
399 497 438 556 ut
463 508 576 554 versus
602 485 765 576 strophae
790 496 825 552 et
844 485 1075 578 antistrophae
1102 501 1180 556 ac-'
1220 555 1225 566 ,

140 607 344 676 curatissime
367 605 432 674 sibi
457 605 703 695 respondeant,
729 605 869 696 singulis
894 606 1031 695 syllabis
1063 607 1159 696 pari·
1268 659 1273 672 .

139 737 193 794 ter
218 726 330 816 longis
356 723 473 790 autin
498 733 643 814 utraque
666 723 811 814 stropha
834 724 961 801 solutis,
988 725 1087 792 facile
1111 727 1158 793 in·

139 845 318 936 telligitur‚
345 841 609 933 quotiescunque
633 843 700 912 hoc
725 843 873 926 aecidat,
907 843 1161 936 comparatione
1268 823 1272 830 ¹

140 965 316 1051 utriusque
340 961 503 1052 strophae
535 963 580 1030 ad
613 963 787 1030 meliorem
820 973 1006 1034 metrorum
1042 964 1159 1055 cogni-

143 1082 268 1149 tionem
292 1082 376 1150 nihil
402 1083 525 1173 profici
550 1105 660 1172 posse,
686 1082 721 1150 in
738 1105 847 1170 enque
869 1082 1069 1152 difficultate
1095 1083 1161 1150 alia

141 1201 304 1268 utendum
329 1201 574 1285 oneratione,
612 1223 701 1288 quae
733 1201 778 1268 ad
811 1202 914 1269 finem
946 1202 1161 1292 propositum

139 1321 345 1410 perducats,
377 1322 484 1408 eaque
518 1342 559 1386 ex
595 1342 636 1386 eo
671 1321 882 1409 potissimum
916 1322 988 1412 peti
1021 1319 1161 1411 poterit,

141 1440 238 1522 quod
263 1439 467 1526 plerumque
492 1437 639 1504 eiusdem
664 1439 796 1528 generis
833 1433 1014 1528 rhythn'ros
1038 1439 1072 1505 in
1108 1461 1161 1505 ea·

142 1557 220 1622 dem
245 1556 389 1646 stropha
414 1556 575 1646 coniungi
590 1557 762 1630 ridemus.
805 1558 861 1624 Ex
886 1557 957 1646 quo
995 1581 1162 1650 persaepe

139 1675 257 1742 coniici
272 1664 412 1766 poterit,
439 1675 642 1764 rhythmum
655 1697 780 1762 versus,
807 1676 852 1744 de
877 1699 948 1766 quo
965 1678 1160 1768 ambigitur,

139 1817 218 1864 eum
230 1794 315 1879 fore,
342 1796 402 1884 qui
417 1794 583 1882 rhythmo
596 1795 831 1883 proximorum
848 1818 1006 1866 versuum
1024 1809 1073 1863 est
1101 1817 1162 1885 par

140 1917 195 1979 vel
212 1915 357 2000 manime
382 1914 582 1992 consimilis:
607 1936 675 2002 qua
701 1935 738 1980 re
763 1915 871 1982 multo
897 1915 1030 2004 saepius
1057 1916 1163 1982 omnis

141 2031 312 2099 dubitatio
337 2031 488 2100 tollenda
514 2033 589 2117 erit,
615 2055 719 2120 quam
743 2033 803 2100 illa
828 2057 932 2122 quam
958 2035 1061 2103 modo
1087 2035 1164 2108 teti·

138 2151 176 2242 gi
202 2152 345 2234 ratione,
372 2152 452 2240 quia
477 2173 589 2247 versus
615 2151 772 2241 proxime
796 2155 1006 2240 antecedens,
1037 2153 1164 2220 etiamsi

139 2270 285 2336 eundem
310 2269 511 2359 rhythmum
538 2268 645 2335 habet
662 2293 765 2359 quem
782 2295 933 2361 sequens,
958 2284 1071 2340 tamen
1096 2294 1164 2340 non

145 2387 261 2474 quoad
287 2389 433 2478 singulas
468 2389 616 2478 syllabas
642 2389 689 2454 ita
716 2389 950 2458 ei'consirnilis
977 2414 1046 2459 esse
1079 2393 1165 2460 solet

143 2514 182 2572 ut
207 2505 357 2575 eiusdem
382 2501 698 2597 antistrophicus⁷].
752 2509 1026 2600 Quotiescunque
1060 2512 1165 2602 igitur

138 2689 342 2708 -U——u-

138 2829 265 2890 mimeri
294 2827 460 2894 trochaico
484 2829 603 2892 habere
627 2831 741 2912 possis,
766 2829 951 2892 dochmium
974 2855 1062 2908 esse,
1087 2857 1162 2917 pro·

138 2929 193 2988 bat
216 2929 430 3012 antistropha.

227 3024 260 3098 7)
282 3029 390 3089 Etiam
411 3031 509 3090 huius
525 3034 571 3090 rei
595 3033 703 3092 afferri
725 3049 865 3116 possunt
879 3040 978 3098 multa
1003 3043 1161 3119 exempla.

135 3125 288 3210 Aesciyt.
312 3128 401 3211 Sept.
426 3145 496 3206 130.
521 3122 664 3206 Παλλὰς
687 3122 707 3191 ὅ
729 3125 764 3193 θ’
788 3127 917 3210 ἵππιος,
948 3131 1162 3222 ποντομέδων
1235 3144 1239 3150 ’

141 3215 252 3304 ἅναξ,
297 3251 363 3292 non
396 3230 632 3299 choriambicos
665 3235 820 3300 dimetros
854 3238 1161 3322 brachycatalectos,

143 3329 201 3392 sed
224 3329 392 3394 dochmios
406 3356 486 3410 esse,
509 3336 650 3418 probant
669 3339 727 3420 qui
748 3339 947 3422 praecedunt
970 3357 1003 3404 et
1024 3363 1163 3424 sequun·
1204 3362 1206 3366 ·

141 3445 194 3492 tur
217 3431 374 3506 dochmii‚
398 3437 519 3520 quippe
542 3439 600 3519 qui
622 3441 776 3520 syllabam
800 3442 935 3523 primam
958 3444 1087 3504 brevem
1110 3441 1164 3504 ha·

138 3532 244 3596 beant.
268 3535 320 3598 Ita
342 3534 452 3599 Aescb.
477 3537 627 3622 Choeplr.
648 3549 710 3620 940
735 3537 811 3622 (928
833 3539 904 3616 W.)

440 3631 456 3700 ὁ
479 3636 729 3725 πυθοχρήστας
751 3636 862 3720 φυγάς

142 3751 207 3792 non
229 3736 403 3802 diiambum
427 3763 497 3804 cum
521 3745 655 3818 cretico,
672 3744 735 3804 'sed
758 3743 899 3806 iambum
916 3766 988 3806 cum
1012 3746 1162 3808 doclnnio

139 3853 229 3907 esse,
267 3842 442 3906 ostendunt
470 3845 615 3906 dochmii
645 3845 872 3910 antecedentes
912 3863 960 3934 et¹
979 3867 1160 3932 sequentes·

138 3933 230 3998 Idem
255 3935 320 4000 dici
342 3959 450 4024 potest
473 3946 513 4008 de
535 3951 609 4010 loco
634 3945 728 4010 Eum.
754 3959 817 4028 259
839 3947 917 4028 (249¹
941 3951 1025 4026 W.).
