2740 4440
534 313 794 382 ..11-

160 499 290 570 habita.
317 497 408 568 Ante
434 493 550 565 omnia
573 514 657 563 vero
683 491 728 559 ad
747 491 914 584 originem
939 492 1058 572 baseos
1083 517 1176 568 rece.

153 618 305 688 dendum
330 616 418 685 mihi
442 613 588 699 videtur,
616 611 709 682 cuius
724 611 854 680 radices
875 612 910 678 in
924 614 1075 682 versibus
1083 616 1174 686 Aec-

49 743 55 752 '
150 740 300 807 lensium
329 731 505 823 dactylicis
528 731 745 830 quaerendae
772 730 952 812 videntur3
977 753 1057 798 nam
1081 733 1175 824 apud

151 857 339 924 Dorienses
362 851 488 941 lyricos
513 850 719 938 antiquiores
746 848 795 941 (e.
821 874 852 918 c.
870 849 1094 940 Alcmenen)
1120 852 1177 920 vix

155 983 207 1040 est
233 970 329 1062 quod
351 979 444 1048 recte
467 993 535 1062 pro
561 969 635 1038 basi
659 967 857 1038 habendum
882 969 935 1056 sit,
962 991 1070 1059 quum
1094 970 1176 1037 Alc·

157 1090 263 1160 manis
287 1078 463 1180 vennam)

433 1227 455 1292 ἁ
481 1220 594 1311 ξανθὰ
621 1219 900 1315 Μεγαλοστράτα
1011 1297 1017 1310 .

155 1357 565 1450 dactylico-logaoedicus
581 1355 763 1423 censendus
773 1355 826 1422 sit.
853 1355 926 1422 Iam
943 1377 1025 1426 vero
1041 1355 1175 1442 indeof

155 1479 301 1546 lensium
334 1477 507 1567 dactylicis
540 1475 691 1543 versibus
717 1496 738 1541 a
763 1473 906 1562 dactylis
941 1495 1011 1540 non
1035 1496 1174 1565 prorsus

154 1595 265 1661 aliena
288 1595 448 1662 habenda
476 1593 628 1677 videtur,
667 1591 729 1660 sed
751 1591 838 1660 sicut
863 1593 907 1658 ab
942 1592 1172 1683 Hephaestio·

149 1736 192 1781 ne
211 1703 265 1804 ⁶⁸)
291 1736 357 1805 pro
393 1723 503 1781 metro
532 1711 711 1801 'dactylico
745 1721 962 1797 numeratur,
997 1712 1104 1780 itaet
1132 1735 1174 1782 cx

151 1832 295 1920 dactylo
322 1832 434 1921 primo
460 1841 540 1898 nata
558 1851 628 1898 esse
643 1828 779 1897 videtur
804 1851 857 1914 eo,
884 1829 980 1918 quod
1005 1831 1174 1920 particula

152 1949 323 2039 temporis
339 1949 469 2016 metrici
495 1947 580 2038 (non
597 1947 800 2046 rhythmici)
827 1947 1057 2028 auferebatur,
1086 1973 1175 2040 quae

160 2065 314 2134 citharae
338 2067 425 2136 sonis
452 2067 582 2158 expleri
607 2057 797 2158 potnit⁶⁹].
822 2067 876 2134 Ita
901 2067 968 2134 ianr
986 2067 1081 2158 apud
1096 2069 1175 2136 Ho-

147 2207 283 2254 merum
308 2186 435 2278 singuli
459 2199 574 2292 versus
599 2185 826 2277 reperiuntur,
853 2186 912 2276 qui
938 2210 959 2254 a
982 2188 1098 2256 iambo
1123 2187 1174 2256 in·

151 2303 268 2394 cipere
290 2303 449 2372 ridentur

292 2437 398 2532 ἐπειδὴ
417 2436 498 2532 νῆάς
524 2465 562 2508 τε
579 2437 636 2508 καὶ
651 2437 905 2532 Ἑλλήσποντον
926 2441 1037 2510 ἵκοντο

150 2622 355 2641 m

232 2734 288 2816 67)
309 2738 458 2805 Alcman.
480 2741 524 2804 fr.
550 2752 603 2818 18·
627 2741 870 2806 Schneidewin.
893 2743 1170 2835 ap.Atheu.X1V‚

148 2838 208 2901 601
233 2842 274 2903 Α.

234 2937 288 3016 68)
315 2943 483 3026 Hephaest.
505 2967 537 3026 p.
548 2953 589 3022 [μ
601 2943 640 3005 G.
664 2942 750 3022 24P.
774 2946 815 3005 ci.
837 2966 932 3027 supra
958 2959 1051 3026 ΜΩ.
1077 2955 1171 3022 ¹¹·55·

237 3035 292 3115 69)
315 3039 413 3102 Haud
450 3045 517 3103 scio
541 3066 580 3103 an
599 3043 661 3104 hoc
693 3047 848 3129 probetur
882 3045 986 3107 verbis
1017 3045 1173 3108 Aristidis

161 3139 372 3223 (laimcilioni
391 3147 413 3204 1.
435 3143 463 3217 I,
487 3166 517 3225 p.
540 3157 582 3220 39
604 3143 725 3208 Mein:
748 3137 1112 3231 yopsicgiupssostdiss,
1139 3135 1174 3219 ὃς

149 3233 350 3324 συνέστηκεν
373 3233 409 3302 ἐκ
429 3241 561 3329 μακρᾶς
589 3234 716 3330 ἅρσεως
745 3235 801 3304 καὶ
833 3235 890 3306 δυὸ
921 3241 1058 3309 θέσεων.
1102 3236 1170 3304 Kal

145 3331 291 3428 τὸνμὲν
315 3334 443 3429 ῥυθμὸν
466 3335 571 3405 ἔοικεν
595 3332 775 3424 δακτύλῳ,
820 3337 865 3408 τὰ
896 3340 930 3406 δὲ
961 3344 1022 3427 τῆς
1049 3337 1173 3423 λέξεως

143 3436 228 3529 μέρη
254 3435 345 3505 κατὰ
367 3436 425 3506 τὸν
457 3437 603 3532 ἀριθμὸν
634 3437 770 3532 tipum
803 3448 836 3509 h.
860 3470 887 3509 e.
919 3463 1039 3509 tactum
1071 3449 1170 3514 habet

143 3548 270 3629 generis
293 3547 467 3630 dactylici,
501 3549 640 3626 syllabas
663 3569 741 3610 vero
764 3563 891 3608 tantum
915 3562 1076 3610 ternarum
1099 3572 1168 3610 mo·

145 3665 259 3710 aarum.
280 3649 357 3711 Nisi
378 3636 573 3734 magnopere
598 3652 705 3716 fallor,
729 3649 764 3710 in
785 3650 878 3710 basi
899 3648 1077 3710 metaboles
1091 3649 1166 3733 rhy-

147 3742 284 3810 thmicae
306 3751 481 3834 vestigium
505 3751 610 3810 inesse
633 3747 773 3825 videtur,
799 3751 839 3812 de
863 3772 923 3834 qua
942 3751 1079 3836 Dionys.
1098 3754 1167 3814 Ha·

146 3843 197 3906 lic.
224 3845 263 3908 de
284 3870 427 3936 compos.
448 3847 562 3914 verbh.
578 3873 609 3928 ¹s.
633 3862 682 3924 19.
705 3873 738 3934 p.
762 3866 835 3930 130.
858 3853 900 3914 R.
922 3851 1055 3918 Aristid.
1073 3855 1165 3946 Quiu-

138 3944 209 4008 ctil.
224 3948 262 4024 .1‚
285 3969 320 4034 p.
342 3957 383 4028 42
407 3949 523 4036 Meiba

1316 3401 1322 3414 '
