2740 4440
118 1470 205 1597 Ex
230 1543 300 1613 quo
327 1517 533 1611 antiquitatis
555 1515 704 1588 studium
719 1515 839 1586 maiori
857 1512 994 1583 consilio
1021 1521 1056 1582 et
1080 1537 1139 1583 or-

120 1643 199 1710 diu'e
223 1639 361 1709 tractari
386 1640 548 1729 coeptum
573 1646 633 1724 est,
659 1636 707 1704 ita
731 1645 771 1704 ut
786 1634 940 1726 singulae
964 1633 1035 1702 eius
1060 1655 1141 1725 par·

119 1773 169 1832 tes
197 1761 375 1856 ἓπιστήμαι
401 1758 516 1848 potius
542 1779 645 1846 quam
671 1757 792 1843 τεχναί
827 1753 966 1840 flerent,
1012 1751 1142 1820 omnia·

120 1903 209 1971 que,
236 1902 325 1968 quae
350 1875 394 1944 acl
421 1875 563 1943 candem
588 1872 760 1965 pertinent
781 1871 1011 1963 disciplinam,
1053 1892 1144 1942 nexu

122 1996 273 2086 quodam
291 1993 386 2084 quasi
395 1994 553 2060 interiore
568 1993 655 2059 inter
670 2014 706 2059 se
724 1990 1027 2082 coniungerentur:
1054 1989 1143 2057 hene

121 2115 158 2182 id
184 2135 324 2203 quoque
348 2121 543 2204 spectavere
567 2110 726 2201 plerique
735 2109 811 2178 VV.
829 2109 908 2177 nl).
935 2119 974 2178 ut
999 2107 1142 2178 cuiusvis

120 2231 320 2322 disciplinae
345 2252 426 2322 pars
450 2229 639 2298 theoretica
674 2226 919 2321 philosophiae
952 2237 1145 2296 exstruere·

121 2360 179 2420 tur
204 2350 350 2435 auxilio,
386 2373 497 2440 eoque
521 2347 626 2416 morlo
652 2347 765 2416 statim
791 2370 811 2414 a
836 2346 946 2438 priori
969 2347 1065 2416 locus
1088 2346 1144 2413 in·

123 2465 230 2535 veniri
254 2477 388 2556 posset,
423 2491 493 2554 quo
519 2467 655 2554 quaevis
680 2490 733 2535 res
759 2465 803 2532 ab
829 2465 973 2555 antiquis
997 2465 1144 2556 scripto·

122 2584 217 2652 ribus
243 2593 505 2651 commemorata
530 2585 754 2652 collocaretur
780 2594 815 2650 et
833 2593 914 2674 apte
929 2584 1144 2654 insereretur.

121 2704 244 2792 Neque
269 2700 305 2769 id
330 2701 449 2770 inutile
483 2703 539 2772 vel
574 2703 729 2793 ineptum
760 2702 958 2771 habendum
990 2703 1145 2786 videtur;

123 2841 202 2904 nam
227 2815 471 2912 philosophiae
484 2831 554 2908 cst,
581 2822 646 2890 iter
671 2832 706 2890 et
729 2821 932 2891 methodum
947 2831 1144 2909 monstrare,

123 2941 247 3032 quibus
273 2939 308 3008 in
342 2941 480 3031 reliquis
514 2941 697 3031 disciplinis
731 2939 896 3008 utendum
927 2941 986 3028 sit,
1028 2933 1145 3031 itaque
1216 3025 1222 3034 ἱ

125 3068 185 3121 aut
208 3057 338 3120 nullam
372 3068 431 3124 aut
462 3058 547 3125 sicut
580 3058 675 3148 apud
709 3057 952 3147 antiquissimos
987 3058 1146 3151 philoso-

122 3169 216 3264 phos
243 3193 356 3239 omnes
380 3172 454 3239 fere
478 3173 668 3267 disciplinas
693 3176 727 3242 in
759 3200 796 3245 se
820 3179 986 3261 continct;
1013 3177 1145 3271 'inpri-

121 3291 184 3359 mis
211 3313 293 3358 vcro
317 3289 529 3383 philosopho
554 3295 681 3363 multae
705 3318 758 3364 res
794 3317 836 3365 ex
861 3298 932 3366 aliis
957 3298 1085 3390 petitae
1108 3297 1146 3370 in

123 3418 263 3501 promtu
292 3432 362 3477 esse
386 3410 523 3492 debent,
551 3415 674 3503 quibus
700 3411 743 3483 ad
759 3415 920 3484 iudicium
938 3440 1036 3485 suurn
1062 3439 1143 3486 con·

122 3529 328 3632 firmandum
353 3530 403 3597 uti
428 3529 545 3621 possit.
573 3532 674 3602 Cuius
700 3533 750 3602 rei
774 3535 1145 3626 testimoniapraebent

124 3647 221 3715 multi
247 3657 282 3716 ct
308 3637 520 3723 Graecorum
546 3649 767 3743 philosophi,
805 3674 867 3721 uec
900 3655 1075 3724 minimum
1108 3654 1142 3744 ii,

129 3761 188 3848 qui
210 3747 329 3836 nostris
354 3769 566 3860 temporibus
590 3782 757 3840 sectarum
790 3773 946 3840 exstitere
979 3786 1142 3862 auctores,

126 3879 261 3970 quippe
285 3887 344 3973 qui
370 3898 404 3955 et
428 3889 463 3954 ia
479 3887 620 3957 historia
646 3900 680 3958 et
699 3891 734 3957 ia
751 3913 864 3960 rerum
875 3903 1015 3964 naturae
1039 3895 1144 3962 scien·

123 3997 172 4066 tia
197 4009 232 4069 et
258 4000 293 4070 iu
317 4006 565 4078 mathematicos
591 4007 703 4078 studio
729 4009 914 4102 plurimum
938 4022 1044 4080 essent
1070 4035 1144 4078 ver·

912 4130 940 4185 A
