2740 4440
513 357 777 420 ..25-

23 531 26 542 ¹
135 550 267 634 potest,
305 541 366 608 cur·
390 534 539 606 secunda
564 532 739 624 antispasti
764 555 845 623 pars
871 534 999 602 uouuisi
1034 533 1163 604 io'curitr

134 669 317 753 poetarum
342 655 514 748 spondeus
539 653 614 719 fieri
639 652 746 742 possit
760 642 830 741 ³⁷)3
854 651 901 720 ita
919 652 1006 719 enim
1024 676 1162 744 persae-

136 803 183 872 pe
208 781 280 851 liet.
308 785 349 843 ut
374 793 579 862 quamquam
604 771 650 838 sit
671 771 771 856 arsis5
805 781 918 838 tamen
943 771 1052 840 miuus
1077 783 1162 840 tem·

135 899 231 990 poris
257 899 466 962 momentum
490 889 627 975 habeat,
653 889 681 956 si
704 899 851 978 utraque
875 890 1009 980 syllaba
1040 891 1162 981 prioris

135 1014 238 1106 pedis
260 1013 366 1102 longa
392 1019 461 1094 eat,
494 1008 592 1099 quod
629 1007 725 1097 apud
748 1019 879 1078 veteres
905 1010 1029 1098 lyricos
1056 1008 1106 1099 (e.
1132 1033 1165 1076 ca

136 1129 400 1220 Anacreontaru)
434 1137 471 1196 ct
493 1129 643 1218 tragicos
669 1149 737 1194 uon
762 1150 841 1194 raro
868 1127 1012 1206 accidit„
1040 1129 1192 1216 Neque·
1246 1169 1248 1180 ·

9 1311 11 1334 ζ
135 1245 390 1320 coucedeudum
431 1256 482 1314 est
516 1246 718 1336 Gepperto‚
766 1245 946 1312 iambicam
987 1243 1165 1335 ‹lipodirm

133 1373 182 1440 ita
218 1370 265 1438 ad
290 1367 484 1458 analogiam
516 1366 619 1433 iambi
643 1363 804 1453 simplicis
829 1363 1054 1452 compositam
1081 1387 1167 1450 crau·

134 1500 176 1557 ut
202 1485 373 1577 posterior
397 1486 527 1552 iambus
552 1485 594 1551 sit
619 1484 700 1550 arsis
725 1481 874 1570 ideoque
900 1482 1076 1549 fortiorem
1096 1481 1162 1549 lia-⁵
1273 1457 1277 1472 ⁸

135 1607 217 1674 beat
241 1606 365 1685 ictum3
400 1605 504 1672 immo
529 1601 654 1692 prior‘u
687 1599 792 1666 iambi
817 1600 882 1668 arsi
907 1600 1068 1668 maiorem
1094 1602 1163 1670 vim

134 1723 384 1800 concedendam
419 1745 502 1806 ease,
531 1720 608 1810 quia
634 1719 739 1788 totius
764 1718 891 1786 ordinis
916 1720 1028 1810 prima
1054 1731 1104 1787 est
1129 1731 1164 1788 at

134 1844 180 1910 ab
199 1866 240 1910 ea
264 1843 417 1930 reliquae
437 1841 591 1929 syllabae
606 1839 769 1928 pendent,
796 1838 872 1924 quis
890 1849 939 1905 ast
955 1839 1016 1927 qui
1033 1837 1164 1930 negat!
1289 1851 1293 1864 ·

134 1961 272 2030 Eodem
297 1959 401 2028 modo
426 1959 462 2024 iu
487 1956 654 2026 trochaeis
692 1956 889 2047 vulgaribus
914 1956 1026 2046 prima
1051 1957 1164 2026 cuius·

139 2101 209 2168 que
244 2077 405 2168 dipodiae
438 2077 517 2144 arsis
551 2075 713 2166 primaria
736 2085 796 2162 est,
822 2075 884 2142 nisi
910 2073 1006 2162 quod
1031 2075 1065 2142 iu
1080 2086 1163 2145 tro.

133 2195 247 2264 chaeis
272 2203 492 2270 numerorum
518 2195 714 2279 Doriorum,
737 2216 827 2283 vquos
854 2193 1037 2284 epitriticos
1062 2217 1162 2264 roca.

133 2315 241 2382 verim
265 2315 346 2403 quia
370 2337 507 2404 seraper
533 2314 688 2382 ultimam
712 2311 987 2404 thasiu'longam
1022 2313 1161 2399 habant,

139 2433 247 2500 altera
271 2433 431 2522 dipodius
454 2455 535 2523 pars
559 2433 667 2500 maius
692 2432 823 2500 habere
847 2432 981 2502 videtur
1006 2455 1163 2502 momen-r

137 2560 223 2635 tum,
249 2550 296 2616 ita
322 2559 361 2620 at
385 2573 454 2620 nou
477 2551 586 2618 miuus
610 2551 685 2620 talis
709 2551 864 2620 trochaei
888 2547 1047 2642 simplicis
1072 2564 1160 2621 stru·

135 2680 253 2738 clauae
277 2670 445 2738 contraria
469 2671 512 2736 sit
537 2671 611 2738 talis
630 2672 849 2757 coniunctio,
888 2693 992 2761 quam
1015 2672 1162 2740 iambica

134 2789 279 2880 dipodia
303 2800 478 2880 repugnat
501 2789 661 2879 simplicis
686 2791 790 2858 iambi
814 2798 1015 2858 structurae.

237 2910 337 2992 Quae
350 2932 456 2997 quum
472 2909 520 2976 ita
545 2909 620 2992 siut,
646 2909 740 2978 haud
759 2909 828 2978 scio
845 2933 888 2976 an
898 2910 960 2976 ulli
976 2909 1068 2977 hisce
1083 2933 1159 2976 ver·

9 3053 21 3108 ι,
135 3027 189 3092 bis
214 3029 412 3112 probaverit
443 3029 607 3097 rationem
633 3053 728 3097 suam
754 3037 872 3096 auctor
896 3028 1023 3115 libelli,
1048 3053 1161 3118 usqua
1235 3028 1238 3033 ’

136 3143 222 3212 alios
248 3145 397 3214 eiusdem
413 3147 506 3217 locos
521 3147 648 3216 afferre
667 3147 888 3218 necessarium
903 3148 1057 3227 videtum
1083 3169 1160 3214 nam

132 3263 241 3350 alius,
277 3265 336 3334 ubi
368 3265 412 3334 de
448 3277 568 3336 natura
603 3267 740 3353 baseos,
779 3269 914 3356 qualem
949 3267 1160 3336 Hormanuus

132 3470 337 3482 *α’-ή-

135 3601 193 3682 qui
215 3621 256 3660 cx
279 3603 462 3663 ionicorum
481 3604 595 3666 ordine
612 3606 679 3666 sint
697 3604 911 3672 extrudendi3
936 3617 1157 3686 praeterquam

139 3701 225 3780 quod
253 3702 334 3764 haec
373 3705 525 3780 licentia,
561 3707 686 3766 etiamsi
726 3707 933 3778 conceditur,
978 3706 1062 3765 nihil
1096 3705 1159 3766 huc

137 3797 242 3870 facit,
274 3805 349 3886 quia
375 3807 408 3864 in
431 3803 482 3868 his
505 3829 571 3868 non
593 3807 695 3869 thesis
719 3808 773 3868 scd
796 3809 873 3869 arsis
898 3807 1000 3870 ionici
1015 3815 1159 3870 alteram-

9 3972 11 3982 !
134 3917 241 3961 utram
263 3907 416 3984 syllabam
441 3909 615 3989 ancipitem
638 3909 835 3970 admitteret.

221 4002 281 4082 57)
310 3996 446 4088 (iesaperu
471 4009 509 4066 de
532 4029 562 4066 v.
587 4010 638 4068 Gr.
664 4031 694 4090 p.
722 4019 776 4082 ¹83
817 4012 879 4070 uid.
906 4013 962 4068 iul’.
988 4033 1020 4088 p.
1047 4024 1084 4084 24
1110 4030 1156 4085 sq.
