2740 4440
499 349 761 412 ..19-

126 541 247 616 aimari
283 547 317 608 et
342 531 506 624 temporis
533 527 632 610 dicit,
657 547 759 614 ‘qnae
784 525 921 614 qnidam
954 528 988 594 ln
1013 521 1140 598 ionico·

124 686 193 734 rum
220 683 241 728 a
265 655 388 726 minori
413 647 556 718 anaalasi
581 644 730 730 accidat,
769 655 974 714 nontamen
1009 649 1056 716 ita
1082 671 1141 717 ex·

123 777 288 850 tendenda
313 775 374 859 sit,
411 777 451 836 ut
476 767 584 858 quivis
617 789 679 855 pes
704 769 726 830 'a
748 764 911 856 syzygia,
939 789 1008 854 qua
1033 769 1141 835 contib

122 910 256 981 nentur,
293 889 443 960 abscindi
468 897 503 954 et
528 909 548 951 a
574 885 640 950 lina
665 905 778 951 versus
803 883 838 949 in
870 884 1002 952 initium
1035 896 1141 953 trans-

123 1017 204 1110 poni
245 1011 367 1104 possit,
407 1005 502 1096 quod
536 1025 598 1070 nec
623 1001 806 1091 probabile
830 1003 891 1088 sit,
930 1025 1042 1093 neque
1067 1005 1143 1072 ullo

125 1133 330 1206 Graecorum
355 1125 548 1196 testimonio
572 1121 711 1187 nitatur.
737 1119 893 1208 Denique
916 1133 1031 1189 contra
1048 1123 1144 1192 Boe-

121 1253 258 1322 clihium
292 1247 464 1336 disputat,
499 1231 621 1331 φιβ’)
659 1237 908 1327 antispasticnm
942 1239 1144 1329 rhythmum

120 1370 308 1442 continuari
343 1386 443 1456 posse
477 1368 599 1451 negat,
636 1356 717 1459 qnia
753 1355 865 1424 thesin
899 1359 1065 1426 anacrnsis
1109 1360 1144 1426 in

120 1489 234 1557 medio
255 1507 354 1554 versu
390 1481 547 1569 excipere·
570 1484 736 1563 nequeat,
775 1475 836 1541 nisi
869 1473 929 1543 nbi
963 1476 1033 1545 duo
1068 1481 1143 1546 cola

121 1614 312 1695 asynarteta
345 1603 379 1667 in
414 1588 536 1666 eodem
569 1616 667 1661 versu
700 1593 860 1684 legantur
867 1617 878 1675 3
918 1597 1020 1663 talem
1054 1598 1159 1672 enim,

92 1736 93 1744 ’
117 1722 385 1794 coniunctionem
411 1717 551 1797 exilem,
576 1711 759 1798 humilem,
785 1713 974 1802 ignobilem
998 1716 1144 1782 maxima

118 1843 276 1933 appellat
301 1836 497 1907 Boeokbins
511 1823 573 1920 ³¹).
626 1824 807 1898 Rationem
833 1851 937 1917 vero,
964 1855 1033 1922 qua
1057 1832 1145 1905 haec

118 1963 313 2048 impugnet,
338 1974 407 2022 non
432 1953 530 2020 aliam
556 1949 657 2016 affert
682 1949 892 2040 Geppertns,
920 1973 1022 2040 quam
1043 1970 1143 2044 syzy.

120 2077 200 2169 gine
225 2083 398 2157 naturam,
433 2070 567 2162 quippe
600 2069 636 2134 in
661 2091 729 2157 qna
754 2069 824 2136 duo
859 2069 965 2162 pedes
989 2071 1037 2138 ita
1062 2095 1144 2140 con-

117 2195 315 2284 iungantur,
342 2200 381 2262 nt
405 2190 513 2260 altera
525 2189 566 2254 sit
592 2187 681 2271 arsis,
708 2187 949 2270 alterathesis3
974 2191 1090 2280 itaque
1109 2191 1144 2257 in

117 2312 304 2402 antispasto
320 2305 657 2384 totnmtrocbaenm
683 2325 750 2394 pro
768 2306 832 2372 arsi
852 2305 1048 2376 babendum
1063 2331 1143 2395 csse,

121 2451 226 2519 quam
251 2428 345 2520 sequi
370 2425 477 2516 possit
501 2446 658 2493 numerus
675 2447 696 2490 a
712 2423 799 2491 thesi
815 2425 987 2516 incipiens.
1015 2427 1156 2511 Qum*⁸
1195 2476 1198 2484 ·

122 2571 227 2636 qnam
252 2546 286 2614 in
311 2545 378 2614 hoc
402 2567 471 2614 non
497 2554 590 2610 recte
604 2542 754 2609 nabitare
769 2543 904 2610 videtur
916 2545 1142 2628 Boeckbinm

120 2663 189 2756 qni*
207 2665 307 2734 simili
339 2663 443 2734 niodo
478 2662 657 2752 syzygiam
689 2660 724 2726 in
749 2661 837 2728 arsin
863 2671 897 2728 et
921 2663 1031 2731 thesin
1056 2667 1144 2734 disi-1⁴

118 2786 171 2854 dit
189 2777 293 2874 ³¹¹'l3
319 2807 397 2853 nam
423 2805 465 2850 eo
491 2780 586 2872 qnod
611 2779 789 2848 trochaeus
815 2781 848 2847 in
878 2783 1060 2874 antispasto
1087 2809 1144 2852 ar-

118 2927 195 2976 acos
220 2905 335 2974 locum
361 2900 511 2984 exbibet,
537 2921 604 2966 non
633 2898 754 2968 desinit
778 2901 897 2966 ultima
921 2903 1054 2990 syllaba
1079 2929 1144 2995 per

15 3071 20 3118 .
120 3045 159 3088 se
194 3001 271 3088 cnm
304 3019 523 3088 antecedente
548 3028 744 3108 comparata
779 3017 882 3086 thesis
916 3043 1004 3107 csse,
1040 3047 1144 3112 quam

120 3137 292 3208 anacrusis
319 3137 399 3204 novi
425 3135 548 3202 ordinis
580 3138 675 3226 sequi
700 3159 768 3204 non
794 3149 926 3228 potest,
964 3141 1025 3208 nisi
1050 3138 1144 3206 anci-
1203 3111 1213 3132 ⁰

117 3259 232 3349 pltem
264 3265 459 3326 statuamus.
510 3255 593 3322 lnda
627 3257 762 3348 singula
796 3259 954 3348 exempla
987 3281 1142 3328 versuum

207 3470 263 3552 30)
285 3477 340 3540 De
361 3489 454 3541 mata.
477 3474 569 3538 Pind.
593 3498 624 3556 p.
648 3474 700 3548 67.
1141 3519 1146 3528 ,

207 3575 264 3654 31)
289 3575 423 3636 Boeclh.
444 3575 484 3636 de
513 3600 554 3640 m.
577 3574 614 3638 P·
648 3576 720 3646 1.I‚
743 3598 774 3658 p.
799 3589 850 3658 79.
873 3589 911 3654 81
945 3582 1004 3638 ult.
1036 3583 1056 3648 l.
1080 3579 1142 3644 Ill.

121 3697 151 3736 c.
176 3693 204 3734 a.
226 3701 257 3761 p.
284 3688 353 3753 175.
378 3676 416 3738 de
441 3677 557 3758 quibus
580 3679 661 3736 locis
688 3660 873 3738 verba'feci
895 3680 928 3737 in
951 3679 1006 3738 lib.
1029 3679 1068 3742 de
1090 3703 1144 3743 vv·
1271 3667 1277 3671 l

118 3770 394 3862 iambico-antisp.
418 3800 449 3861 p.
473 3777 607 3855 34-36.

212 3869 294 3952 31¹³>
319 3878 452 3941 Bocclch.
487 3877 527 3938 de
559 3901 600 3936 m.
636 3879 671 3938 P.
706 3901 739 3960 p.
772 3893 832 3954 303
876 3881 991 3942 Munclt
1029 3883 1145 3944 Mesoa
1252 3945 1255 3953 .

111 4002 150 4063 p.
176 3987 198 4057 5
220 3982 281 4041 ult.

861 4079 892 4144 B
921 4078 940 4122 s
