2740 4440
613 367 876 433 ..58-

236 555 310 617 tur.
338 545 519 626 Mensura
537 543 669 616 baseos
681 544 875 640 primitivo
892 553 945 614 est
957 545 1152 618 trochaica
1176 568 1257 634 Les·
1340 555 1341 578 ³

236 666 409 760 quoniam
428 674 551 736 autem
567 665 755 758 integrum
772 665 1175 756 constituitnumerum‚
1194 693 1260 740 us-

237 795 359 856 snmtu
384 783 534 878 syllaba
560 783 713 876 ancipiti
721 782 779 879 fit
806 786 1055 876 spondeus
1070 805 1148 862 L-.
1188 787 1260 858 So-

238 905 318 976 lnta
336 905 416 974 ursi
442 902 635 972 trochaica
647 901 705 998 fit
728 901 1019 996 tribrachys
1041 921 1130 1008 ὢν
1155 917 1190 976 et
1212 929 1258 976 en

236 1031 402 1124 spondeo
431 1029 467 1097 h.
496 1049 526 1096 e.
562 1027 698 1096 choreo
732 1028 947 1100 irrationali
975 1031 1180 1121 trochoidi,
1203 1033 1259 1129 fit
1342 995 1343 1082 i

134 1193 137 1198 ·
237 1154 548 1242 anapaestus
580 1163 687 1252 ἀπ,
725 1148 826 1219 cuius
856 1155 975 1217 tumen
1002 1151 1133 1219 rarior
1162 1175 1259 1221 usus.

240 1274 352 1344 Alias
365 1273 515 1364 formas
536 1293 603 1339 nec
626 1249 821 1342 Pinclarus
846 1295 912 1342 nec
934 1275 1047 1344 ceteri
1066 1277 1177 1345 credo
1204 1277 1255 1346 di-

239 1391 455 1484 ligentiores
480 1389 621 1457 chorici
643 1399 781 1483 poetae
811 1393 1044 1464 tolerabant:
1078 1394 1137 1488 yui
1170 1415 1261 1462 vero

227 1507 484 1604 fractioribus
511 1516 546 1576 et
572 1509 758 1600 rhythmis
785 1520 820 1580 et
849 1513 1053 1583 harmoniis
1082 1513 1138 1583 usi
1165 1520 1261 1595 sunt,
1343 1493 1344 1500 ἵ

228 1609 440 1700 Ἀεοίοηεεε
472 1627 591 1696 melici
626 1650 822 1720 eorumque
859 1631 1063 1698 imitatores
1097 1631 1270 1700 licentiae

243 1746 380 1816 Comici
397 1745 534 1838 aliique
550 1745 668 1814 minus
680 1745 852 1838 perfecti
864 1745 1074 1838 rhythmici,
1093 1770 1167 1817 non
1184 1771 1270 1818 mo·
1344 1769 1345 1790 ¹

239 1869 289 1935 clo
307 1867 377 1934 has
387 1866 602 1960 promiscue
621 1864 805 1933 admisere
822 1863 984 1956 formas,
1005 1867 1073 1935 sed
1084 1878 1268 1964 praeter-

239 2009 285 2074 ea
311 1982 526 2068 iambum,
545 2005 652 2076 quem
669 2006 855 2076 nunquam
870 2006 947 2078 pro
976 1986 1153 2057 trochaeo
1173 1988 1269 2055 Pin-

239 2106 359 2172 daras
384 2101 495 2171 habet
515 2100 647 2171 baseos
675 2101 770 2188 loco,
797 2111 910 2196 atque
935 2106 1032 2173 adeo
1061 2103 1268 2199 pyrrhi-

240 2199 412 2306 chium,
441 2219 555 2289 alium
568 2243 733 2316 prorsas
751 2221 927 2293 hahentes
947 2223 1175 2314 rhythmum3
1189 2236 1262 2308 po-

239 2349 376 2410 stremo
396 2342 656 2433 dactylum,
683 2341 744 2434 qui
774 2349 906 2428 tamen,
926 2340 1012 2434 quia
1034 2345 1087 2406 est
1111 2333 1268 2404 irratio-

239 2461 348 2558 nalia
366 2460 502 2552 quippe
520 2460 689 2528 trochaei
710 2461 791 2532 loco
806 2455 1069 2556 positus‚solvi
1089 2477 1163 2524 non
1178 2459 1271 2548 pot-

238 2586 296 2680 est
322 2579 358 2646 in
378 2578 752 2682 proceleusmaticum
762 2571 850 2668 ⁶³)·.

345 2699 477 2786 Quodsi
513 2700 731 2781 Boeckhius,
768 2716 876 2782 quum
901 2691 945 2754 de
979 2685 1093 2753 metris
1128 2683 1276 2754 Pindari

243 2819 425 2903 scriberet,
452 2817 501 2884 ita
526 2814 741 2884 statuendum
766 2815 858 2874 ratus
885 2811 956 2888 est,
985 2791 1120 2893 quippe
1145 2803 1207 2892 qui
1233 2805 1271 2874 in

243 2937 446 3005 carminibus
473 2932 538 3002 suis
564 2927 745 3019 strophicis
779 2921 985 2989 severiorem
1010 2943 1081 2990 sese
1107 2920 1272 2992 exhibeat

238 3029 278 3122 in
323 3055 532 3144 singularum
581 3045 790 3139 syllabarum
848 3041 1086 3131 responsione,
1139 3039 1187 3106 ita
1231 3049 1268 3106 ut

119 3239 123 3248 ,
244 3195 419 3264 nunquam
454 3168 551 3260 opud
585 3189 664 3236 eum
697 3161 877 3232 trochacus
915 3159 1031 3226 iambo
1055 3149 1092 3224 in⁴
1115 3157 1186 3225 basi
1207 3175 1259 3219 ro-

245 3291 433 3385 spondcat:
472 3289 569 3357 haud
592 3285 630 3356 id
656 3283 794 3376 quidem
830 3277 1015 3346 absurdum
1040 3275 1162 3344 censeri
1185 3277 1263 3362 pot·

247 3422 307 3494 est,
335 3431 543 3500 quamquam
559 3407 684 3477 mirum
702 3400 810 3471 videri
825 3407 958 3490 potest,
984 3418 1098 3464 versus
1118 3391 1216 3462 huius

235 3507 238 3512 Ι
290 3528 446 3622 ”Amores
468 3531 526 3624 μὲν
548 3529 637 3622 ὕδωρ
660 3523 730 3594 ὅδὲ
763 3515 770 3618 Ι
801 3513 935 3612 χρυσὸς
956 3514 1133 3610 αἰθόμενον
1152 3515 1220 3603 πῦρ

247 3649 402 3744 priorem
421 3659 568 3739 partem,
598 3667 703 3737 quam
727 3639 840 3716 statim
865 3634 1018 3731 sequitur
1028 3632 1276 3704 Pherecratem

337 3921 395 3999 63)
417 3920 535 3985 Eadem
560 3924 630 3984 fere
667 3914 805 3998 exponit
841 3905 1040 3974 Selchmunn.
1065 3901 1104 3962 de
1127 3922 1159 3960 v.
1182 3897 1277 3976 Glyc.

247 4053 284 4114 p.
307 4039 327 4104 5
351 4027 424 4087 init.
896 4029 899 4036 ’
