2728 4432
507 279 771 379 ’-Μ-

134 498 304 568 buendum
329 495 383 578 sit,
409 517 477 562 non
503 513 545 560 ex
571 491 869 584 grammaticorum
894 491 1067 575 sententia,
1093 487 1153 556 sed

5 695 6 700 ἵ
130 643 173 686 eu
199 617 281 687 locis
306 615 388 705 ipsis
414 621 594 704 poetarum
628 609 802 680 ostendam
836 613 999 702 exemplis
1034 611 1153 693 allatis,

130 761 221 828 quae
255 735 425 826 probent,
467 729 639 800 interdum
672 731 807 822 generi·
828 730 960 798 cuidam
994 751 1152 796 versuum

131 852 375 926 auacrusiu
400 850 583 939 praemitti.
635 850 851 939 Quamquam
888 851 976 918 enim
1001 849 1069 916 iam
1095 871 1151 915 au·

133 997 197 1065 pra
223 969 424 1062 significavi,
464 992 566 1058 quam
599 968 737 1057 ineptae
762 979 797 1037 et
820 970 1037 1036 inconcinnae
1070 989 1164 1034 ver—·

132 1095 230 1164 suum
254 1090 384 1160 formae
409 1111 430 1154 a
455 1087 683 1178 grammaticis
708 1092 743 1154 et
780 1087 966 1154 scholiastie
998 1087 1065 1154 hac
1096 1109 1150 1152 ra·

130 1211 225 1280 tione
248 1211 477 1300 (ingerentum
506 1203 601 1294 quod
627 1229 742 1276 vernus
765 1231 785 1273 a
811 1207 981 1296 principio
1006 1207 1152 1272 metiun-

130 1340 209 1414 tur;
261 1340 374 1400 tamen
400 1325 451 1392 his
476 1326 526 1392 uti
551 1326 652 1410 noio,
690 1348 733 1392 ne
758 1326 921 1393 circulum
946 1326 981 1391 in
1006 1325 1151 1393 demon-

130 1447 271 1517 strando
297 1445 409 1514 facere
434 1443 635 1531 quibusdam
661 1443 797 1525 videam
840 1445 957 1531 itaque
990 1445 1152 1535 syzygia-

132 1587 209 1633 rum
245 1563 522 1652 compositiones,
576 1583 665 1649 quae
704 1562 809 1651 epio
822 1562 947 1628 nicae
988 1573 1153 1630 vocantur

133 1684 259 1772 (quum
285 1683 399 1772 potius
425 1680 645 1749 choriambici
669 1703 806 1766 versus,
834 1681 1060 1771 praecedento
1085 1703 1154 1746 anr-

134 1800 329 1893 phibracho
353 1801 410 1868 vel
436 1799 697 1888 penthemimeri
722 1800 870 1866 iambico

134 2233 204 2276 esse
229 2209 424 2301 videantur)
445 2203 495 2300 52)
521 2209 589 2276 hoc
615 2210 692 2275 loco
719 2209 845 2272 nonin
871 2209 1031 2280 iudicium
1056 2235 1154 2281 voca-

133 2329 202 2407 bo;
255 2329 314 2396 sed
348 2330 487 2421 podices
520 2340 651 2396 tanturn
677 2327 813 2412 formas,
842 2351 924 2415 quas
950 2332 1156 2422 praecedere

137 2447 310 2513 auacrusin
336 2459 491 2536 apertum
505 2458 565 2531 est,
592 2445 749 2512 adhiberi
769 2468 868 2538 posse
878 2436 997 2538 liquet.
1026 2449 1157 2534 Quam-

136 2587 238 2652 quam
265 2587 306 2632 ex
331 2565 384 2632 his
420 2588 559 2654 quoque
591 2565 839 2653 bisyllaborum
872 2578 1052 2654 systemata
1087 2572 1156 2636 exi-

134 2681 256 2755 menda
281 2695 358 2753 sunt
385 2707 415 2754 e.
445 2709 474 2752 c.
509 2682 663 2751 trochaei
700 2706 777 2750 cum
811 2685 979 2769 auacrusi,
1023 2688 1156 2778 quippe

134 2803 194 2894 qui
208 2803 367 2872 facillime
392 2777 458 2893 pro
476 2803 594 2870 iambis
606 2801 727 2870 haberi
746 2802 894 2892 possiut3
919 2825 1030 2892 neque
1043 2809 1156 2872 cretici

136 2944 212 2988 cum
237 2923 389 2990 auacrusi
413 2920 612 2988 admittendi
636 2919 811 3005 videntur,
850 2921 983 3012 quippe
1009 2947 1155 3014 quorum

20 3065 31 3080 ⁴
137 3047 229 3102 certe
254 3039 384 3127 primus
417 3060 494 3104 cum
528 3037 754 3126 praecedente
788 3041 938 3108 auacrusi
971 3041 1156 3113 diiambum

136 3156 273 3223 efficere
297 3153 389 3222 credi
414 3154 519 3246 possit
530 3147 564 3196 ³²
573 3153 618 3244 ¹³).
656 3156 736 3240 Quo
763 3156 918 3246 efficitur,
943 3169 982 3227 ut
1008 3161 1157 3230 omnium

134 3274 265 3365 pedum
291 3274 368 3364 (qui
392 3276 435 3341 ab
462 3275 527 3342 arsi
553 3275 725 3365 incipiunt,
753 3299 830 3341 nam
856 3277 981 3346 athesi
993 3279 1158 3371 incipien-

135 3405 184 3460 tes
209 3395 345 3484 praeire
369 3417 457 3462 nova
482 3394 647 3462 auacrusis
673 3417 741 3462 non
766 3396 898 3486 potest)
936 3397 1026 3466 sotus
1051 3410 1155 3468 restet

136 3566 339 3582 D—-n-

219 3643 273 3722 50)
310 3649 381 3708 Hos
415 3669 525 3708 veraua
564 3648 648 3709 iuter
681 3663 781 3727 metra
821 3640 900 3708 κατ’
931 3640 1155 3714 &tried-‘dem

138 3737 243 3826 μικτᾶ
265 3751 364 3809 refert
393 3749 562 3831 Hephaest.
585 3772 615 3832 p.
637 3761 675 3826 81
703 3750 742 3810 G·
765 3757 807 3826 47
830 3750 864 3812 P·

222 3845 302 3921 52¹³)
325 3851 434 3911 Amyn
460 3851 521 3934 Ag,
545 3858 606 3926 403
639 3833 745 3927 (μὴ
784 3864 849 3910 ant.
877 3857 940 3916 dac
963 3851 1076 3930 (ίμι);
1110 3859 1154 3922 ih.

136 3952 198 4025 457
223 3945 419 4026 (ltss'ssiibssi-
442 3958 504 4026 450
526 3946 629 4026 (444)·
