2740 4440
522 291 785 358 ..55..

147 496 329 573 constant,
367 503 441 554 nott
466 471 650 547 dubitavit
674 469 759 562 quin
786 473 1022 562 tetrametroe
1046 447 1160 534 coeit

146 619 221 692 νοις
247 606 347 716 [quia
371 599 529 672 nimirum
550 591 646 660 basin
660 589 751 658 hanc
775 608 844 654 non
869 586 913 653 ab
927 557 1092 674 rhythmo
1108 607 1159 652 se

73 785 76 790 .
140 703 374 822 gregandam,
413 714 473 785 sed
508 713 600 782 sicut
627 707 778 798 quamvis
794 702 1023 795 syllabam'
1015 725 1049 768 ιιι
1086 723 1161 770 eam

140 842 369 936 recipiendam
394 831 604 920 crediderit).
653 823 786 911 Quodsi
810 823 905 891 basin
930 821 1020 888 hanc
1043 821 1161 888 Aeoli·

141 987 218 1033 cam
250 962 329 1027 loco
362 953 464 1045 primi
505 947 633 1038 dactyli
669 942 861 1014 habendam
898 949 1028 1024 censet,
1075 940 1163 1012 duce

142 1077 398 1173 Hephaestione
417 1065 488 1162 ⁵⁵),
538 1068 609 1140 hoc
645 1087 715 1131 non
756 1063 859 1158 plane
893 1053 1162 1154 repudiaverim,

139 1201 201 1272 sed
226 1197 396 1269 hocloco
420 1192 589 1256 incertum
621 1171 838 1271 reliquerim3
871 1177 976 1244 modo
1009 1175 1047 1242 id
1081 1199 1164 1244 con·

10 1295 21 1320 Α
139 1317 303 1401 cedatur,
329 1309 427 1379 basin
451 1308 555 1376 telem
578 1323 704 1395 perse
730 1293 1026 1385 contemplandam
1050 1317 1164 1384 neque

137 1459 219 1506 cum
245 1429 462 1520 sequentibus
487 1423 624 1514 syllabis
647 1420 684 1487 in
708 1440 811 1488 unam
836 1413 1012 1505 dipodiam
1043 1437 1070 1482 s.
1109 1436 1163 1502 sy.

140 1554 283 1646 Zygiam
308 1543 577 1637 coniungendam
602 1559 684 1606 esse.

237 1735 395 1824 Denique
421 1725 646 1799 omittendum
670 1745 740 1791 non
766 1728 835 1806 est,
861 1739 930 1786 nou
959 1735 1074 1786 omnes
1100 1741 1158 1790 ve,
1267 1755 1273 1766 -

133 1867 238 1939 teres,
265 1853 326 1940 qui
351 1851 395 1917 de
420 1859 492 1916 arte
518 1842 738 1938 grammatica
762 1840 818 1908 vel
836 1836 975 1905 metrica
986 1836 1161 1928 scripsere,

138 1969 389 2060 antispasticam
422 1965 700 2054 compositionem
742 1981 855 2027 versus
890 1955 1061 2047 Glycouei
1094 1965 1163 2024 sta-

141 2090 246 2158 tuisse
253 2111 264 2168 ;
311 2086 371 2155 sed
402 2075 540 2152 Latinos
574 2083 755 2172 scriptores
790 2079 839 2146 rei
864 2075 1041 2163 metricae,
1083 2076 1163 2143 licet

135 2229 317 2276 numerum
343 2203 597 2294 antispasticum
632 2221 701 2266 nou
722 2219 777 2271 ¹eu
809 2195 1007 2287 prototypis
1040 2217 1164 2263 novem

139 2324 341 2393 eiiciendum
366 2331 521 2392 censeant
531 2310 581 2410 ⁵⁶)
610 2327 644 2385 et
665 2339 754 2406 quae
767 2315 914 2382 admixta
932 2315 998 2383 siut
1013 2315 1163 2382 iambicis

141 2441 435 2533 coniugationibus
462 2438 676 2530 antispastica
702 2446 735 2503 et
760 2433 957 2504 iucundiora
982 2443 1016 2500 et
1041 2455 1163 2501 sonora

136 2647 350 2672 unua—*-

221 2785 1066 2876 mmmmpnunmmmnm

218 2927 277 3003 56)
299 2930 372 2990 Hoc
394 2944 501 2990 tamen
524 2949 540 2986 a
565 2925 756 3010 quibusdam
780 2947 890 2988 eorum
913 2926 1095 3007 aequalium
1114 2928 1159 2988 fa·

10 3065 32 3091 ι,
140 3042 229 3088 ctum
251 3047 334 3098 esse,
357 3049 397 3088 ex
415 3018 530 3087 iisdem
552 3027 635 3088 locis
658 3027 851 3088 Latinorum
875 3027 1036 3088 coniicere
1059 3029 1156 3091 licet:

138 3127 234 3188 Mur.
266 3126 385 3187 Victor.
407 3148 439 3209 p.
462 3136 545 3202 2533
568 3127 645 3204 (118
667 3125 736 3202 G.);
761 3130 847 3188 Mar.
867 3127 950 3188 Plot.
974 3127 1058 3203 2656
1079 3129 1159 3207 (289

134 3224 209 3304 G.)3
234 3227 385 3311 idemque
402 3229 552 3291 statuisse
573 3229 666 3290 credo
681 3231 901 3290 Terentianum
914 3229 1075 3305 Maurum,
1101 3232 1158 3312 qui

130 3328 418 3412 antispasticorum
440 3352 591 3391 versuum
611 3334 732 3390 nullam
756 3331 838 3390 facit
860 3332 1066 3392 mentionem.
1090 3333 1157 3414 Qui

129 3451 209 3492 vero
233 3431 479 3514 antispasticum
494 3453 595 3515 genus
610 3432 764 3504 retinent,
789 3431 920 3492 eundem
936 3451 1029 3512 qnam
1043 3429 1159 3493 Graeci

128 3531 298 3591 licentiam
322 3531 418 3614 primi
440 3533 539 3592 iambi
570 3533 604 3592 in
628 3530 768 3612 quodvis
789 3530 983 3618 bisyllnbum
1010 3533 1158 3592 mutandi

136 3629 307 3694 exhibent:
338 3632 417 3694 Atii.
445 3635 612 3693 Fortunat.
637 3632 721 3711 2694
746 3631 824 3710 (344
847 3628 918 3707 G.),
943 3634 1000 3713 qui
1024 3631 1156 3716 Sappho

134 3727 347 3794 inventricem
368 3735 571 3816 antispastici
596 3733 722 3815 generis
746 3739 908 3816 appellet,
934 3733 974 3793 cf.
1006 3734 1094 3796 Neue
1116 3737 1155 3797 ad

129 3827 253 3912 Sapph.
276 3853 309 3912 p.
334 3849 391 3909 133
418 3834 662 3896 SermCeutim.
684 3844 772 3910 1823·
787 3830 894 3912 (37ss);
923 3836 1069 3900 Diomed.
1086 3840 1154 3913 Ill,-

124 3931 485 4012 nffisswffl
921 4033 950 4096 C
