2740 4440
578 349 896 414 “-56-

253 528 325 613 dis,
375 527 435 596 sed
469 527 585 619 potius
618 547 752 597 sensum
786 527 870 595 recti
901 533 939 595 et
962 528 1075 619 pulcri
1109 539 1144 600 et
1177 549 1275 600 eures

253 647 297 714 de
335 647 576 738 partitionibus
611 643 771 715 iacienda
808 646 1034 715 consuluerint
1041 671 1054 730 3
1094 648 1191 738 qnod
1216 651 1278 719 etsi
1347 671 1348 742 i

252 787 321 833 uon
346 787 482 856 semper
515 765 689 850 fecerant,
740 773 854 832 tamen
887 765 923 832 in
959 765 1127 856 Glyconei
1163 789 1278 838 versus
1347 743 1348 772 ¹

253 883 385 952 theoria
410 883 568 952 accidisse
592 883 692 957 facile
717 882 972 951 concedendum
998 895 1059 952 est.

355 1003 454 1086 Quae
481 1024 588 1091 quum
612 1003 661 1070 ita
685 1001 760 1088 sint,
787 1002 843 1069 vix
867 1002 1026 1094 longiore
1048 1003 1277 1074 confutatione
1345 1017 1346 1020 ’

249 1131 287 1188 et
312 1119 599 1190 demonstratione
624 1120 743 1213 egebit
760 1109 813 1211 ⁶⁰)
850 1128 890 1188 ut
922 1120 1136 1212 intelligatur
1169 1125 1275 1192 omni·

215 1215 226 1234 ⁹
252 1239 386 1329 busque
411 1261 610 1331 persuasum
635 1239 688 1323 sit,
716 1238 802 1328 quid
827 1237 872 1306 de
896 1239 1110 1331 antispastica
1143 1230 1283 1335 Glycoss

251 1358 307 1425 nei
333 1355 578 1445 compositione
603 1356 819 1428 statuendum
843 1356 886 1424 sit
893 1382 905 1440 3
932 1379 995 1425 uec
1013 1359 1188 1449 qnisquam
1209 1362 1274 1428 du·

250 1473 385 1560 bitabit,
413 1473 495 1562 quin
521 1496 582 1566 pes
612 1474 672 1541 ille
696 1473 904 1565 bisyllabus‚
940 1477 1005 1566 qni
1025 1478 1061 1545 in
1085 1476 1178 1545 initio
1203 1476 1272 1544 eius

250 1615 365 1662 versus
391 1593 557 1677 occurrit,
593 1616 670 1662 cnm
696 1593 892 1660 Hermanno
917 1595 962 1659 ab
988 1595 1108 1660 ordine
1132 1597 1278 1684 logaoe-

250 1712 329 1781 dico
354 1711 411 1778 vel
436 1711 667 1780 choriambico
692 1707 923 1800 segregandus
948 1707 1001 1774 sit'.
1040 1705 1112 1776 Sed
1136 1708 1190 1777 his
1217 1711 1281 1779 de-

250 1831 442 1901 monstratis
467 1853 537 1900 non
561 1839 636 1900 tota
661 1828 794 1897 sublata
829 1826 964 1895 videtur
996 1825 1064 1909 lis3·
1108 1850 1188 1896 nam
1221 1831 1280 1900 vel
1346 1871 1348 1982 p

249 1951 337 2017 inter
363 1970 431 2032 eos,
459 1949 520 2035 qui
536 1947 580 2014 de
597 1948 670 2016 basi
695 1970 717 2014 a
734 1945 952 2038 sequentibus
970 1943 1142 2036 rhythmis
1159 1971 1278 2041 segre-

249 2066 364 2160 ganda
390 2065 621 2153 consentiunt,
658 2064 867 2156 ambigitur,
902 2063 963 2153 qui
992 2065 1036 2134 sit
1061 2067 1131 2136 eius
1156 2068 1277 2134 baseos

250 2207 430 2267 numerus;
476 2206 546 2273 qna
581 2183 626 2254 de
658 2205 697 2252 re
721 2183 790 2254 iam
816 2181 964 2254 secundo
990 2180 1068 2252 loc'o
1093 2181 1196 2250 verbe
1219 2181 1272 2244 fa·

251 2306 369 2375 cienda
398 2313 508 2373 erunt.

252 2495 454 2512 m

335 2617 391 2700 60)
436 2623 553 2707 Neque
596 2623 962 2708 polyschematistorum
1005 2635 1153 2676 versuum
1198 2633 1279 2673 vera

250 2741 364 2788 natura
386 2724 419 2786 b.
442 2729 465 2786 1.
489 2722 681 2807 inquirenda
704 2736 754 2782 est
775 2719 843 2798 (cui
874 2719 1010 2776 multum
1042 2709 1159 2768 tribuit
1191 2711 1278 2772 Her·

252 2852 357 2890 maner.
391 2825 431 2886 de
452 2845 493 2884 m·
524 2837 628 2906 poett.
658 2841 691 2903 p.
721 2827 783 2892 215
805 2815 846 2876 ad
868 2805 1098 2872 confutandam
1125 2823 1276 2872 veterum
1347 2847 1348 2870 r

251 2920 425 3003 theoriam)
457 2941 647 3009 quamquam
680 2931 714 2978 et
744 2917 778 2974 in
807 2913 868 2972 hac
898 2928 1093 2994 magnopere
1125 2929 1274 2974 erravere
1347 2907 1348 2964 i

251 3043 378 3092 veteres
402 3041 434 3088 et
457 3049 529 3089 cum
553 3022 599 3084 eis
612 3019 784 3101 Geppertus
804 3008 857 3092 (de
879 3034 912 3073 v.
924 3010 1020 3091 Glyc·
1034 3031 1066 3091 p·
1092 3003 1153 3085 1.);
1177 3031 1272 3093 quem
1347 3059 1348 3066 r

251 3151 319 3192 non
339 3141 428 3190 recte
449 3125 488 3186 ab
515 3125 696 3185 Hermanno
718 3115 832 3188 (latas
859 3111 901 3174 N.
926 3111 988 3178 JB.
1014 3109 1115 3186 X,·3,
1138 3132 1172 3193 p.
1196 3107 1266 3186 250)
1346 3104 1348 3180 i

250 3227 446 3316 reprehendi
469 3223 577 3299 credo,
609 3217 698 3306 quod
718 3216 817 3282 verba
838 3207 1094 3298 Hephaestionis
1116 3209 1155 3272 de
1174 3211 1265 3290 poiy·
1347 3231 1348 3300 ἐ

251 3329 477 3396 schematismo
499 3327 582 3388 falso
611 3320 834 3386 intellexerim
870 3317 914 3378 ci.
942 3312 1042 3398 Hepb.
1073 3335 1106 3397 p.
1133 3319 1176 3392 98
1208 3305 1266 3384 (57
1347 3307 1348 3338 r

250 3427 301 3510 Ρ.)
323 3442 401 3511 roa.
424 3447 486 3512 109
507 3420 587 3506 (60).
1347 3457 1348 3492 p
