2740 4440
603 357 868 423 -fflt-

230 537 485 628 Glyconeorum
519 537 615 630 apud
650 537 775 628 lyricos
809 545 844 605 et
883 527 1106 632 Aeschylum
1151 543 1255 616 obvia

228 656 351 743 affert,
391 667 425 726 et
462 657 541 724 inde
566 680 587 724 a
612 677 650 746 p.
675 655 727 722 ⁶24
752 655 798 722 de
822 656 861 724 iis
886 658 1036 728 versibus
1062 663 1154 754 agit,
1194 665 1255 754 qui

228 800 306 846 cum
332 776 516 867 Glyccneis
542 773 809 864 coniungantur3
843 799 933 866 quae
957 788 997 846 ut
1019 781 1148 850 facilius
1164 805 1255 880 per-

228 897 423 986 spiciantur,
440 895 628 983 permultos
640 892 780 961 exhibet
789 895 1000 986 tragicorum
1017 903 1162 971 canticos
1174 903 1256 972 cho·

229 1015 338 1100 risos,
379 1011 555 1104 Aeschyli
588 1035 626 1102 Ρ.
652 1011 703 1080 26
741 1035 791 1101 sq.
819 1013 1016 1109 Sophoclis
1042 1043 1081 1111 p.
1120 1023 1168 1092 32
1205 1045 1255 1112 sq.

230 1132 425 1226 Euripidis
460 1155 497 1222 Ρ.
524 1129 573 1198 41
601 1154 653 1219 sq.
690 1153 802 1222 pauca
827 1131 949 1202 deiude
975 1135 1019 1204 de
1044 1161 1107 1207 usu
1132 1141 1257 1210 horum

229 1275 388 1322 versuum
413 1250 508 1342 apud
535 1249 826 1344 Aristophanem
851 1276 889 1342 p.
917 1253 965 1321 55
992 1263 1025 1320 et
1050 1255 1146 1343 apud
1174 1261 1257 1328 Ho-

230 1371 369 1440 ratium
385 1393 432 1460 p.
460 1367 509 1438 56
535 1369 651 1451 addit;
677 1379 849 1460 postremo
875 1391 936 1435 cur
954 1371 1117 1437 Pindari
1139 1394 1254 1441 versus

233 1489 377 1579 (scilicet
402 1512 423 1555 a
448 1488 628 1558 Boeckhio
654 1486 849 1579 dispositos)
875 1487 1099 1578 praeterierit,
1126 1490 1161 1556 in
1185 1491 1254 1557 fine

222 1608 343 1699 'libelli
368 1608 520 1699 exponit.
546 1610 624 1676 Non
649 1607 683 1671 in
707 1615 819 1670 mente
845 1615 916 1670 erat
949 1607 1099 1698 singulas
1124 1619 1258 1676 senten⁴

233 1729 297 1796 tias
322 1726 405 1812 viri,
441 1728 500 1816 qui
525 1721 821 1818 grammaticorum
846 1723 983 1792 lectioni
1007 1749 1086 1794 sane
1111 1728 1258 1796 multum

235 1867 363 1938 operae
400 1867 535 1912 navasse
559 1839 712 1926 videtur,
747 1863 919 1931 exponere
956 1855 990 1912 et
1027 1848 1259 1938 perstringere

237 1969 333 2054 (nam
358 1963 493 2030 uberius
518 1960 563 2026 de
596 1981 636 2027 ea
670 1959 901 2029 dissertatione
926 1963 999 2054 egit
1023 1963 1259 2036 Hermonassa

214 2085 270 2152 'in
296 2104 433 2150 censura
459 2079 528 2146 eius
541 2069 629 2170 Ἢ
654 2077 714 2146 sed
739 2085 871 2147 tantum
896 2083 1014 2172 paucis
1037 2085 1149 2152 verbis
1173 2086 1257 2152 iudi-

200 2213 204 2228 '
237 2225 323 2272 care
339 2200 443 2285 volui,
471 2198 646 2288 quomodo
663 2220 734 2266 rem
751 2221 930 2292 aggressus
946 2203 998 2269 sit.
1024 2203 1153 2272 Verum
1166 2207 1253 2272 issam
1313 2189 1316 2196 ’

236 2324 346 2414 ipsam
372 2319 418 2388 G.
443 2317 631 2386 Hermanni
655 2340 829 2384 censuram
854 2341 958 2409 aegre
981 2320 1102 2409 terens,
1129 2326 1258 2416 quippe

237 2442 274 2508 in
299 2463 367 2530 qua
382 2439 558 2504 refutatus
583 2443 677 2520 esset,
703 2436 859 2504 libellum
875 2437 991 2526 edidit,
1015 2440 1050 2507 in
1068 2464 1138 2530 quo
1154 2453 1263 2511 totam

239 2556 425 2628 Hermanni
449 2554 618 2622 theoriam
643 2555 723 2624 artis
754 2558 913 2626 metricae
937 2559 1176 2648 impugnaret3
1202 2561 1263 2628 sed

240 2678 309 2748 hoc
335 2673 530 2742 curatione
554 2673 644 2758 fecit,
672 2696 741 2760 qua
764 2673 935 2740 hominem
961 2672 1175 2739 humanitatis
1191 2684 1262 2743 stu-

241 2764 304 2864 diis
338 2792 490 2860 deditum
529 2799 646 2858 contra
671 2789 780 2855 virum
805 2790 840 2854 in
863 2789 981 2855 iisdem
1005 2788 1189 2877 insignem,
1228 2805 1263 2862 et

241 2916 398 2982 iuvenem
433 2917 550 2976 contra
585 2927 714 2989 senem,
753 2905 847 2971 cuius
881 2917 914 2970 et
947 2905 1021 2994 ipse
1053 2907 1263 2980 institutione

241 3031 370 3098 fructus
395 3038 486 3114 erat,
513 3027 647 3094 minime
672 3044 776 3113 agere
801 3021 961 3103 decebat3
986 3021 1030 3090 de
1056 3047 1127 3113 quo
1144 3029 1264 3102 libello

243 3148 402 3240 equidem
434 3147 469 3213 in
503 3139 781 3211 Zimmermanni
801 3138 911 3208 diariis
931 3131 980 3232 33)
1007 3165 1096 3231 qnae
1121 3122 1201 3216 mea·
1218 3154 1258 3212 sr't

243 3269 406 3350 sententia
431 3263 593 3353 exposui3
618 3281 706 3327 nunc
730 3280 813 3324 vero
839 3280 879 3324 ea
903 3260 1055 3351 inprimis
1074 3260 1261 3353 'spectanda

243 3387 328 3470 mihi
351 3384 526 3464 videntur,
566 3400 654 3467 quae
679 3377 724 3443 de
744 3378 993 3466 ¹compositione
1024 3402 1135 3447 versus
1169 3377 1262 3470 Gly-

244 3505 340 3574 conei
364 3497 577 3590 antispastica
602 3506 636 3564 et
662 3505 778 3564 contra
802 3495 988 3564 Hermanni
1023 3498 1067 3564 de
1091 3495 1162 3561 basi
1187 3522 1260 3566 sen·
1340 3455 1343 3566 i

243 3610 383 3694 tentiam
408 3617 603 3710 disputavit.
629 3615 810 3708 Leguntur
834 3615 920 3684 haec
943 3615 979 3682 in
1003 3614 1120 3704 primis
1145 3613 1180 3680 in
1206 3641 1265 3686 ca·
1338 3639 1343 3782 p

244 3795 447 3813 ῦ-Ψ--ι-α

321 3887 383 3972 “52)
404 3889 479 3954 Vid.
502 3913 589 3975 supr.
613 3907 645 3971 p·
666 3895 698 3962 5.
720 3908 753 3944 n.
775 3891 807 3960 4.

328 3990 382 4074 55)
407 3994 561 4058 zeitschr.
584 3986 611 4078 f
639 3983 915 4050 Atcerrhumswiss.
941 3993 1032 4059 1837.
1061 3981 1106 4044 Ν,
1129 3999 1262 4064 33-35.

1338 4293 1343 4410 i
