2740 4440
488 325 810 392 ⁴555--

97 525 182 601 est·
199 510 293 604 quod
319 508 432 576 Latini
449 505 582 573 metrici
607 503 778 579 contione
790 501 1011 591 Graecorum,
1040 519 1131 578 certe

113 636 145 703 in
169 626 404 702 constituendo
430 633 540 692 metro
559 621 750 713 Glyconeo,
776 620 1013 712 Asclepiaden,
1039 625 1132 696 Phe·

99 762 263 824 'recrateo
291 759 327 816 et
368 743 530 812 similibus
564 750 790 826 recesserunt,
834 741 914 830 quia
947 743 1133 831 lyricorum

111 863 545 966 poetammRomanomm‚
571 861 632 949 qui
656 883 720 948 per
736 881 874 928 auream
900 871 1046 928 aetutem
1070 864 1134 931 flo-

113 995 274 1070 ruerant,
312 981 517 1070 exemplaria
554 986 726 1070 perpetuo
750 978 905 1048 manibus
929 980 1132 1062 volvebant3

114 1129 202 1197 qnos
235 1113 269 1172 et
301 1101 479 1170 severitate
523 1117 701 1186 mensurae
734 1097 920 1184 aequabilis
952 1099 1135 1168 servandac

1 1291 8 1311 ,
111 1235 149 1294 et
173 1222 388 1314 simplicitate
411 1219 600 1286 formarum
624 1217 831 1305 plerumque
855 1216 1069 1304 excelluisse,
1101 1218 1137 1284 in

110 1367 224 1436 eoque
249 1341 396 1410 multum
419 1336 589 1403 intereos
614 1342 649 1400 ct
682 1333 895 1400 Graecorum
929 1344 1050 1423 poetas
1084 1335 1136 1402 di·

111 1462 275 1534 scriminis
303 1445 534 1539 intercedere,
573 1453 628 1518 vel
660 1452 786 1546 leviter¹
813 1452 957 1520 intuenti
990 1453 1135 1542 patebit.

114 1581 320 1666 Quicunque
362 1573 497 1642 Horatii
539 1571 687 1638 carmina
722 1581 832 1640 metro
868 1571 1047 1660 Glyconeo
1082 1573 1137 1638 vel

110 1693 336 1786 Asclepiaden
362 1692 489 1782 scripta
515 1689 728 1780 antispastice
752 1689 865 1756 metiri
888 1690 988 1775 velit,
1014 1713 1134 1778 quam·
1225 1739 1230 1748 .

110 1839 189 1884 uam
225 1815 265 1881 iis
298 1811 513 1880 dulcedinem
538 1818 582 1875 et
613 1808 815 1876 suavitatem
851 1807 959 1876 inesse
991 1806 1136 1878 credctil

108 1937 237 2020 Neque
277 1931 314 1994 in
352 1929 422 1996 hoc
467 1926 712 1995 assentiendum
752 1926 888 1994 videtur
917 1927 1134 2018 -Geppertm

116 2051 177 2140 qui
194 2042 245 2139 ⁵⁰)
278 2047 417 2115 Latinos
441 2046 678 2138 grammaticos
704 2047 867 2138 castigat,
911 2046 1007 2135 quod
1030 2047 1137 2116 eche-

107 2175 218 2238 mota
243 2187 417 2236 versuum
445 2164 636 2259 primario
652 2164 781 2258 place
810 2165 1043 2258 neglexerint
1076 2174 1137 2235 ut-

113 2309 183 2380 que
208 2287 341 2378 cupide
366 2308 412 2353 eo
438 2284 604 2377 amplexi
628 2285 718 2367 sint,
750 2306 846 2374 quoe
870 2306 916 2351 cx
937 2285 1137 2378 polysclte-

115 2404 284 2471 motione
321 2412 406 2471 orto
443 2404 657 2494 rhythmum
694 2403 839 2472 insitum
875 2402 1137 2484 obscuroreot3

117 2545 223 2610 quum
248 2521 491 2590 multominus
516 2520 785 2589 schematismum
811 2522 978 2611 quendam
1005 2523 1138 2592 inanem

106 2621 262 2740 :amplexi
288 2625 467 2708 videantur
491 2639 525 2704 in
551 2639 665 2706 metris
683 2637 921 2709 constituendis
941 2651 975 2708 et
1001 2641 1045 2707 ab
1071 2643 1137 2707 ini-

111 2760 161 2828 tio
187 2782 346 2829 versuum
371 2781 436 2850 per
461 2758 718 2848 quaternionem
747 2757 956 2850 syllabarum
989 2759 1136 2826 inciden-

455 3057 564 3144 Lydio
586 3061 638 3122 dic
662 3086 788 3122 canoro.

118 3157 203 3222 Huic
224 3161 252 3220 εἰ
284 3146 421 3243 primurn
444 3157 607 3242 longam
640 3160 726 3238 (sine
757 3161 857 3226 dubio
888 3163 1135 3250 legendunr'sy·

107 3264 259 3344 zygiom)
281 3260 317 3322 id
338 3280 399 3333 est,
436 3265 463 3323 si
495 3265 642 3325 trochaeo
675 3283 816 3325 retracto
850 3263 986 3326 iambum
1009 3264 1043 3345 (l.
1069 3285 1133 3327 tro·

111 3363 242 3424 chaeum
266 3380 404 3422 retracto
427 3361 545 3432 iambo)
568 3371 731 3447 posueris,
766 3385 897 3426 metrum
929 3367 1135 3450 antispastum

111 3467 204 3549 (lege
228 3466 493 3546 arctisposticum),
518 3467 603 3552 quod
619 3485 664 3526 est
688 3468 763 3526 huic
781 3471 988 3541 contrarium,
1005 3465 1133 3554 figura·

115 3561 170 3639 bis,
193 3582 239 3641 ut,

407 3664 528 3726 Liberat
548 3667 657 3749 Lydia
679 3666 730 3726 dic
761 3691 841 3738 cur,-

116 3761 175 3842 qui
197 3779 243 3824 est
261 3769 377 3828 unicus
392 3765 557 3828 Victorini
580 3772 682 3840 locus,
706 3769 763 3828 nbi
785 3771 995 3853 antispastum
1020 3773 1053 3834 in
1078 3774 1133 3834 tali

110 3859 326 3928 Pherecrateo
349 3870 455 3929 inesse
485 3867 577 3927 dicit.

196 3960 252 4047 59)
274 3971 327 4030 De
350 3991 380 4030 v·
405 3969 499 4048 cryc.
522 3991 551 4049 p.
577 3973 625 4033 ¹5·

837 4069 866 4136 C
889 4068 909 4112 ἢ*
