<?xml version="1.0" encoding="UTF-8"?>
<!DOCTYPE html PUBLIC "-//W3C//DTD XHTML 1.0 Transitional//EN"
    "http://www.w3.org/TR/xhtml1/DTD/xhtml1-transitional.dtd">
<html xmlns="http://www.w3.org/1999/xhtml" xml:lang="en" lang="en">
 <head>
  <title>
</title>
<meta http-equiv="Content-Type" content="text/html;charset=utf-8" />
  <meta name='ocr-system' content='tesseract 3.04.00' />
  <meta name='ocr-capabilities' content='ocr_page ocr_carea ocr_par ocr_line ocrx_word'/>
</head>
<body>
  <div class='ocr_page' id='page_1' title='image "./deversibusglyco00weisgoog_0028.png"; bbox 0 0 2740 4440; ppageno 0'>
   <div class='ocr_carea' id='block_1_1' title="bbox 531 343 795 409">
    <p class='ocr_par' dir='ltr' id='par_1_1' title="bbox 531 343 795 409">
     <span class='ocr_line' id='line_1_1' title="bbox 531 343 795 409; baseline 0 -15"><span class='ocrx_word' id='word_1_1' title='bbox 531 343 795 409; x_wconf 74' lang='lat'>..17-</span> 
     </span>
    </p>
   </div>
   <div class='ocr_carea' id='block_1_2' title="bbox 142 522 1225 2164">
    <p class='ocr_par' dir='ltr' id='par_1_2' title="bbox 142 522 1225 2164">
     <span class='ocr_line' id='line_1_2' title="bbox 152 522 1171 620; baseline 0.003 -22"><span class='ocrx_word' id='word_1_2' title='bbox 152 528 251 610; x_wconf 84' lang='lat' dir='ltr'><strong>tetius</strong></span> <span class='ocrx_word' id='word_1_3' title='bbox 277 549 391 598; x_wconf 80' lang='lat' dir='ltr'><strong>versus</strong></span> <span class='ocrx_word' id='word_1_4' title='bbox 415 523 551 616; x_wconf 86' lang='lat' dir='ltr'><strong>syllaba</strong></span> <span class='ocrx_word' id='word_1_5' title='bbox 576 531 640 592; x_wconf 88' lang='lat' dir='ltr'><strong>est.</strong></span> <span class='ocrx_word' id='word_1_6' title='bbox 665 523 848 592; x_wconf 84' lang='lat' dir='ltr'><strong>Praeterea</strong></span> <span class='ocrx_word' id='word_1_7' title='bbox 873 522 909 592; x_wconf 90' lang='lat' dir='ltr'><strong>id</strong></span> <span class='ocrx_word' id='word_1_8' title='bbox 928 525 1023 615; x_wconf 85' lang='lat' dir='ltr'><strong>quod</strong></span> <span class='ocrx_word' id='word_1_9' title='bbox 1041 528 1171 620; x_wconf 86' lang='lat' dir='ltr'><strong>primus</strong></span> 
     </span>
     <span class='ocr_line' id='line_1_3' title="bbox 149 641 1172 740; baseline 0.001 -23"><span class='ocrx_word' id='word_1_10' title='bbox 149 649 281 740; x_wconf 80' lang='lat' dir='ltr'><strong>primae</strong></span> <span class='ocrx_word' id='word_1_11' title='bbox 305 645 471 737; x_wconf 75' lang='lat' dir='ltr'><strong>syzygiae</strong></span> <span class='ocrx_word' id='word_1_12' title='bbox 495 665 557 734; x_wconf 80' lang='lat' dir='ltr'><strong>pes</strong></span> <span class='ocrx_word' id='word_1_13' title='bbox 582 641 723 712; x_wconf 85' lang='lat' dir='ltr'><strong>cuiusvis</strong></span> <span class='ocrx_word' id='word_1_14' title='bbox 749 641 924 732; x_wconf 86' lang='lat' dir='ltr'><strong>bisyllabi.</strong></span> <span class='ocrx_word' id='word_1_15' title='bbox 941 644 1085 716; x_wconf 82' lang='lat' dir='ltr'><strong>somnam</strong></span> <span class='ocrx_word' id='word_1_16' title='bbox 1108 650 1172 718; x_wconf 80' lang='lat' dir='ltr'><strong>lra-</strong></span> 
     </span>
     <span class='ocr_line' id='line_1_4' title="bbox 148 760 1177 858; baseline 0.004 -22"><span class='ocrx_word' id='word_1_17' title='bbox 148 767 232 836; x_wconf 88' lang='lat' dir='ltr'><strong>bere</strong></span> <span class='ocrx_word' id='word_1_18' title='bbox 257 775 391 858; x_wconf 83' lang='lat' dir='ltr'><strong>potest,</strong></span> <span class='ocrx_word' id='word_1_19' title='bbox 426 772 461 830; x_wconf 89' lang='lat' dir='ltr'><strong>et</strong></span> <span class='ocrx_word' id='word_1_20' title='bbox 493 763 579 831; x_wconf 86' lang='lat' dir='ltr'><strong>aliae</strong></span> <span class='ocrx_word' id='word_1_21' title='bbox 611 760 782 852; x_wconf 87' lang='lat' dir='ltr'><strong>quaedam</strong></span> <span class='ocrx_word' id='word_1_22' title='bbox 815 763 961 832; x_wconf 81' lang='lat' dir='ltr'><strong>rationes</strong></span> <span class='ocrx_word' id='word_1_23' title='bbox 993 781 1177 840; x_wconf 81' lang='lat' dir='ltr'><strong>moverunt</strong></span> 
     </span>
     <span class='ocr_line' id='line_1_5' title="bbox 148 873 1171 976; baseline 0.004 -24"><span class='ocrx_word' id='word_1_24' title='bbox 148 887 196 958; x_wconf 88' lang='lat' dir='ltr'><strong>G.</strong></span> <span class='ocrx_word' id='word_1_25' title='bbox 208 887 509 952; x_wconf 82' lang='lat' dir='ltr'><strong>Hermaunum</strong></span> <span class='ocrx_word' id='word_1_26' title='bbox 528 873 589 971; x_wconf 69' lang='grc'><strong>25),</strong></span> <span class='ocrx_word' id='word_1_27' title='bbox 614 891 654 948; x_wconf 91' lang='lat' dir='ltr'><strong>ut</strong></span> <span class='ocrx_word' id='word_1_28' title='bbox 668 891 779 949; x_wconf 88' lang='lat' dir='ltr'><strong>totum</strong></span> <span class='ocrx_word' id='word_1_29' title='bbox 797 880 866 949; x_wconf 86' lang='lat' dir='ltr'><strong>boc</strong></span> <span class='ocrx_word' id='word_1_30' title='bbox 881 905 989 974; x_wconf 82' lang='lat' dir='ltr'><strong>genus</strong></span> <span class='ocrx_word' id='word_1_31' title='bbox 1004 907 1171 976; x_wconf 87' lang='lat' dir='ltr'><strong>versuum,</strong></span> 
     </span>
     <span class='ocr_line' id='line_1_6' title="bbox 149 999 1173 1096; baseline -0.001 -22"><span class='ocrx_word' id='word_1_32' title='bbox 149 1002 248 1094; x_wconf 85' lang='lat' dir='ltr'><strong>quod</strong></span> <span class='ocrx_word' id='word_1_33' title='bbox 264 1001 514 1092; x_wconf 81' lang='lat' dir='ltr'><strong>antispasticum</strong></span> <span class='ocrx_word' id='word_1_34' title='bbox 531 999 711 1091; x_wconf 82' lang='lat' dir='ltr'><strong>appellant</strong></span> <span class='ocrx_word' id='word_1_35' title='bbox 724 1010 865 1088; x_wconf 86' lang='lat' dir='ltr'><strong>veteres,</strong></span> <span class='ocrx_word' id='word_1_36' title='bbox 891 1003 1053 1072; x_wconf 84' lang='lat' dir='ltr'><strong>abiiceret</strong></span> <span class='ocrx_word' id='word_1_37' title='bbox 1075 1004 1173 1096; x_wconf 79' lang='lat' dir='ltr'><strong>(quia</strong></span> 
     </span>
     <span class='ocr_line' id='line_1_7' title="bbox 151 1118 1174 1216; baseline 0.003 -24"><span class='ocrx_word' id='word_1_38' title='bbox 151 1121 361 1192; x_wconf 79' lang='lat' dir='ltr'>volubilitate</span> <span class='ocrx_word' id='word_1_39' title='bbox 385 1121 445 1188; x_wconf 86' lang='lat' dir='ltr'><strong>illa</strong></span> <span class='ocrx_word' id='word_1_40' title='bbox 470 1119 633 1209; x_wconf 82' lang='lat' dir='ltr'><strong>bisyllabi</strong></span> <span class='ocrx_word' id='word_1_41' title='bbox 658 1118 761 1208; x_wconf 85' lang='lat' dir='ltr'><strong>primi</strong></span> <span class='ocrx_word' id='word_1_42' title='bbox 779 1129 899 1188; x_wconf 86' lang='lat' dir='ltr'><strong>natura</strong></span> <span class='ocrx_word' id='word_1_43' title='bbox 920 1125 1105 1216; x_wconf 77' lang='lat' dir='ltr'><strong>antispasti,</strong></span> <span class='ocrx_word' id='word_1_44' title='bbox 1132 1143 1174 1195; x_wconf 78' lang='lat' dir='ltr'><strong>ex</strong></span> 
     </span>
     <span class='ocr_line' id='line_1_8' title="bbox 148 1235 1225 1332; baseline -0.002 -20"><span class='ocrx_word' id='word_1_45' title='bbox 148 1265 218 1332; x_wconf 82' lang='lat' dir='ltr'><strong>qua</strong></span> <span class='ocrx_word' id='word_1_46' title='bbox 252 1263 377 1310; x_wconf 88' lang='lat' dir='ltr'><strong>nomen</strong></span> <span class='ocrx_word' id='word_1_47' title='bbox 410 1237 561 1328; x_wconf 81' lang='lat' dir='ltr'><strong>accepit,</strong></span> <span class='ocrx_word' id='word_1_48' title='bbox 603 1235 813 1328; x_wconf 81' lang='lat' dir='ltr'><strong>dissolvitur)</strong></span> <span class='ocrx_word' id='word_1_49' title='bbox 851 1249 886 1306; x_wconf 91' lang='lat' dir='ltr'><strong>et</strong></span> <span class='ocrx_word' id='word_1_50' title='bbox 919 1239 1175 1331; x_wconf 75' lang='lat' dir='ltr'><strong>Glyconeorum</strong></span> <span class='ocrx_word' id='word_1_51' title='bbox 1223 1305 1225 1310; x_wconf 89' lang='lat'><em>.</em></span> 
     </span>
     <span class='ocr_line' id='line_1_9' title="bbox 146 1357 1175 1450; baseline 0.004 -20"><span class='ocrx_word' id='word_1_52' title='bbox 146 1363 363 1450; x_wconf 81' lang='lat' dir='ltr'><strong>aliorumque</strong></span> <span class='ocrx_word' id='word_1_53' title='bbox 395 1357 552 1425; x_wconf 82' lang='lat' dir='ltr'><strong>similium</strong></span> <span class='ocrx_word' id='word_1_54' title='bbox 584 1376 743 1428; x_wconf 86' lang='lat' dir='ltr'><strong>versuum</strong></span> <span class='ocrx_word' id='word_1_55' title='bbox 776 1357 877 1423; x_wconf 88' lang='lat' dir='ltr'><strong>aliam</strong></span> <span class='ocrx_word' id='word_1_56' title='bbox 903 1357 1175 1436; x_wconf 77' lang='lat' dir='ltr'><strong>distributionem</strong></span> 
     </span>
     <span class='ocr_line' id='line_1_10' title="bbox 148 1474 1174 1557; baseline 0.005 -11"><span class='ocrx_word' id='word_1_57' title='bbox 148 1491 184 1546; x_wconf 88' lang='lat' dir='ltr'><strong>et</strong></span> <span class='ocrx_word' id='word_1_58' title='bbox 217 1493 408 1546; x_wconf 84' lang='lat' dir='ltr'><strong>mensuram</strong></span> <span class='ocrx_word' id='word_1_59' title='bbox 441 1485 619 1557; x_wconf 78' lang='lat' dir='ltr'><strong>statueret,</strong></span> <span class='ocrx_word' id='word_1_60' title='bbox 663 1474 925 1543; x_wconf 78' lang='lat' dir='ltr'><strong>choriambicum</strong></span> <span class='ocrx_word' id='word_1_61' title='bbox 959 1479 1086 1548; x_wconf 86' lang='lat' dir='ltr'><strong>scilicet</strong></span> <span class='ocrx_word' id='word_1_62' title='bbox 1118 1484 1174 1551; x_wconf 80' lang='lat' dir='ltr'><strong>vel</strong></span> 
     </span>
     <span class='ocr_line' id='line_1_11' title="bbox 145 1577 1173 1690; baseline 0.007 -28"><span class='ocrx_word' id='word_1_63' title='bbox 145 1592 381 1687; x_wconf 81' lang='lat' dir='ltr'><strong>logaoedicem</strong></span> <span class='ocrx_word' id='word_1_64' title='bbox 406 1596 589 1686; x_wconf 84' lang='lat' dir='ltr'><strong>praemissa</strong></span> <span class='ocrx_word' id='word_1_65' title='bbox 614 1592 719 1660; x_wconf 83' lang='lat' dir='ltr'><strong>basi·</strong></span> <span class='ocrx_word' id='word_1_66' title='bbox 737 1592 774 1661; x_wconf 89' lang='lat' dir='ltr'><strong>h.</strong></span> <span class='ocrx_word' id='word_1_67' title='bbox 801 1617 832 1662; x_wconf 89' lang='lat' dir='ltr'><strong>e.</strong></span> <span class='ocrx_word' id='word_1_68' title='bbox 859 1577 977 1685; x_wconf 75' lang='lat' dir='ltr'><strong>quevis</strong></span> <span class='ocrx_word' id='word_1_69' title='bbox 1002 1599 1173 1690; x_wconf 85' lang='lat' dir='ltr'><strong>bisyllabo</strong></span> 
     </span>
     <span class='ocr_line' id='line_1_12' title="bbox 142 1710 1174 1804; baseline 0.007 -22"><span class='ocrx_word' id='word_1_70' title='bbox 142 1715 211 1783; x_wconf 86' lang='lat' dir='ltr'><strong>vel.</strong></span> <span class='ocrx_word' id='word_1_71' title='bbox 224 1723 396 1782; x_wconf 80' lang='lat' dir='ltr'><strong>ternarum</strong></span> <span class='ocrx_word' id='word_1_72' title='bbox 421 1731 594 1782; x_wconf 83' lang='lat' dir='ltr'><strong>morarum</strong></span> <span class='ocrx_word' id='word_1_73' title='bbox 619 1710 720 1804; x_wconf 84' lang='lat' dir='ltr'><strong>pede,</strong></span> <span class='ocrx_word' id='word_1_74' title='bbox 747 1714 885 1802; x_wconf 83' lang='lat' dir='ltr'><strong>qualem</strong></span> <span class='ocrx_word' id='word_1_75' title='bbox 910 1725 945 1783; x_wconf 90' lang='lat' dir='ltr'><strong>et</strong></span> <span class='ocrx_word' id='word_1_76' title='bbox 969 1717 1005 1784; x_wconf 93' lang='lat' dir='ltr'><strong>in</strong></span> <span class='ocrx_word' id='word_1_77' title='bbox 1022 1719 1174 1789; x_wconf 49' lang='lat' dir='ltr'><strong>Aculeus-</strong></span> 
     </span>
     <span class='ocr_line' id='line_1_13' title="bbox 142 1825 1173 1924; baseline 0.005 -21"><span class='ocrx_word' id='word_1_78' title='bbox 142 1834 231 1904; x_wconf 84' lang='lat' dir='ltr'><strong>sium</strong></span> <span class='ocrx_word' id='word_1_79' title='bbox 262 1825 413 1902; x_wconf 83' lang='lat' dir='ltr'><strong>versibus</strong></span> <span class='ocrx_word' id='word_1_80' title='bbox 456 1832 599 1920; x_wconf 84' lang='lat' dir='ltr'><strong>dactylis</strong></span> <span class='ocrx_word' id='word_1_81' title='bbox 632 1831 806 1921; x_wconf 83' lang='lat' dir='ltr'><strong>praemitti</strong></span> <span class='ocrx_word' id='word_1_82' title='bbox 842 1833 1005 1904; x_wconf 83' lang='lat' dir='ltr'><strong>videmus.</strong></span> <span class='ocrx_word' id='word_1_83' title='bbox 1059 1839 1173 1924; x_wconf 82' lang='lat' dir='ltr'><strong>Quam</strong></span> 
     </span>
     <span class='ocr_line' id='line_1_14' title="bbox 145 1937 1173 2048; baseline 0.003 -28"><span class='ocrx_word' id='word_1_84' title='bbox 145 1952 343 2020; x_wconf 88' lang='lat' dir='ltr'><strong>senteutiam</strong></span> <span class='ocrx_word' id='word_1_85' title='bbox 377 1959 571 2018; x_wconf 83' lang='lat' dir='ltr'><strong>nostrornm</strong></span> <span class='ocrx_word' id='word_1_86' title='bbox 603 1937 806 2040; x_wconf 85' lang='lat' dir='ltr'><strong>temporum</strong></span> <span class='ocrx_word' id='word_1_87' title='bbox 833 1953 908 2022; x_wconf 88' lang='lat' dir='ltr'><strong>VV.</strong></span> <span class='ocrx_word' id='word_1_88' title='bbox 935 1955 1013 2024; x_wconf 81' lang='lat' dir='ltr'><strong>nl).</strong></span> <span class='ocrx_word' id='word_1_89' title='bbox 1048 1960 1173 2048; x_wconf 81' lang='lat' dir='ltr'><strong>quibus</strong></span> 
     </span>
     <span class='ocr_line' id='line_1_15' title="bbox 147 2069 1186 2164; baseline 0.01 -26"><span class='ocrx_word' id='word_1_90' title='bbox 147 2070 236 2138; x_wconf 82' lang='lat' dir='ltr'><strong>haec</strong></span> <span class='ocrx_word' id='word_1_91' title='bbox 259 2089 312 2138; x_wconf 89' lang='lat' dir='ltr'><strong>res</strong></span> <span class='ocrx_word' id='word_1_92' title='bbox 346 2089 447 2138; x_wconf 86' lang='lat' dir='ltr'><strong>curae</strong></span> <span class='ocrx_word' id='word_1_93' title='bbox 471 2069 554 2155; x_wconf 83' lang='lat' dir='ltr'><strong>luit,</strong></span> <span class='ocrx_word' id='word_1_94' title='bbox 589 2071 693 2138; x_wconf 85' lang='lat' dir='ltr'><strong>secuti</strong></span> <span class='ocrx_word' id='word_1_95' title='bbox 729 2081 824 2155; x_wconf 89' lang='lat' dir='ltr'><strong>sunt,</strong></span> <span class='ocrx_word' id='word_1_96' title='bbox 866 2072 1019 2164; x_wconf 88' lang='lat' dir='ltr'><strong>inprimis</strong></span> <span class='ocrx_word' id='word_1_97' title='bbox 1053 2075 1186 2148; x_wconf 79' lang='lat' dir='ltr'><strong>Bee·&#39;</strong></span> 
     </span>
    </p>
   </div>
   <div class='ocr_carea' id='block_1_3' title="bbox 143 2188 1173 2292">
    <p class='ocr_par' dir='ltr' id='par_1_3' title="bbox 143 2188 1173 2296">
     <span class='ocr_line' id='line_1_16' title="bbox 143 2188 1173 2292; baseline 0.014 -37"><span class='ocrx_word' id='word_1_98' title='bbox 143 2188 325 2273; x_wconf 70' lang='lat' dir='ltr'><strong>alibius,</strong></span> <span class='ocrx_word' id='word_1_99' title='bbox 368 2188 429 2278; x_wconf 91' lang='lat' dir='ltr'><strong>qui</strong></span> <span class='ocrx_word' id='word_1_100' title='bbox 463 2209 505 2256; x_wconf 88' lang='lat' dir='ltr'><strong>eo</strong></span> <span class='ocrx_word' id='word_1_101' title='bbox 540 2207 674 2256; x_wconf 87' lang='lat' dir='ltr'><strong>omnem</strong></span> <span class='ocrx_word' id='word_1_102' title='bbox 711 2190 945 2261; x_wconf 83' lang='lat' dir='ltr'><strong>difficultatem</strong></span> <span class='ocrx_word' id='word_1_103' title='bbox 971 2195 1047 2264; x_wconf 87' lang='lat' dir='ltr'><strong>tolli</strong></span> <span class='ocrx_word' id='word_1_104' title='bbox 1072 2221 1173 2292; x_wconf 89' lang='lat' dir='ltr'><strong>posse</strong></span> 
     </span>
    </p>
   </div>
   <div class='ocr_carea' id='block_1_4' title="bbox 148 2359 351 2374">
    <p class='ocr_par' dir='ltr' id='par_1_4' title="bbox 148 2359 351 2374">
     <span class='ocr_line' id='line_1_17' title="bbox 148 2359 351 2374; baseline 0.01 -3"><span class='ocrx_word' id='word_1_105' title='bbox 148 2359 351 2374; x_wconf 57' lang='lat' dir='ltr'><strong>*aon—n-</strong></span> 
     </span>
    </p>
   </div>
   <div class='ocr_carea' id='block_1_5' title="bbox 141 2470 1174 4084">
    <p class='ocr_par' dir='ltr' id='par_1_5' title="bbox 143 2470 1174 2862">
     <span class='ocr_line' id='line_1_18' title="bbox 234 2470 1174 2572; baseline 0.02 -41"><span class='ocrx_word' id='word_1_106' title='bbox 234 2470 289 2548; x_wconf 75' lang='lat'><strong>25)</strong></span> <span class='ocrx_word' id='word_1_107' title='bbox 316 2475 487 2536; x_wconf 81' lang='lat' dir='ltr'><strong>Hermann.</strong></span> <span class='ocrx_word' id='word_1_108' title='bbox 510 2473 548 2537; x_wconf 88' lang='lat' dir='ltr'><strong>de</strong></span> <span class='ocrx_word' id='word_1_109' title='bbox 570 2491 662 2538; x_wconf 87' lang='lat' dir='ltr'><strong>metr.</strong></span> <span class='ocrx_word' id='word_1_110' title='bbox 686 2493 791 2562; x_wconf 86' lang='lat' dir='ltr'><strong>poett.</strong></span> <span class='ocrx_word' id='word_1_111' title='bbox 808 2475 862 2542; x_wconf 86' lang='lat' dir='ltr'><strong>Gr.</strong></span> <span class='ocrx_word' id='word_1_112' title='bbox 886 2498 918 2544; x_wconf 84' lang='lat' dir='ltr'><strong>et</strong></span> <span class='ocrx_word' id='word_1_113' title='bbox 936 2483 974 2544; x_wconf 89' lang='lat' dir='ltr'><strong>R.</strong></span> <span class='ocrx_word' id='word_1_114' title='bbox 993 2507 1024 2568; x_wconf 90' lang='lat' dir='ltr'><strong>p.</strong></span> <span class='ocrx_word' id='word_1_115' title='bbox 1049 2500 1109 2565; x_wconf 75' lang='lat'><strong>213</strong></span> <span class='ocrx_word' id='word_1_116' title='bbox 1126 2505 1174 2572; x_wconf 80' lang='lat' dir='ltr'><strong>sq.</strong></span> 
     </span>
     <span class='ocr_line' id='line_1_19' title="bbox 151 2573 1172 2663; baseline 0.017 -29"><span class='ocrx_word' id='word_1_117' title='bbox 151 2573 280 2634; x_wconf 78' lang='lat' dir='ltr'><strong>Handb.</strong></span> <span class='ocrx_word' id='word_1_118' title='bbox 305 2574 337 2635; x_wconf 84' lang='lat' dir='ltr'><strong>d.</strong></span> <span class='ocrx_word' id='word_1_119' title='bbox 365 2577 461 2636; x_wconf 81' lang='lat' dir='ltr'><strong>Metr.</strong></span> <span class='ocrx_word' id='word_1_120' title='bbox 485 2600 516 2659; x_wconf 92' lang='lat' dir='ltr'><strong>p.</strong></span> <span class='ocrx_word' id='word_1_121' title='bbox 538 2589 580 2658; x_wconf 83' lang='lat'><strong>95</strong></span> <span class='ocrx_word' id='word_1_122' title='bbox 611 2601 658 2662; x_wconf 86' lang='lat' dir='ltr'><strong>sq.</strong></span> <span class='ocrx_word' id='word_1_123' title='bbox 683 2601 875 2663; x_wconf 85' lang='lat' dir='ltr'><strong>quamquam</strong></span> <span class='ocrx_word' id='word_1_124' title='bbox 907 2586 941 2645; x_wconf 85' lang='lat' dir='ltr'><strong>in&#39;</strong></span> <span class='ocrx_word' id='word_1_125' title='bbox 970 2586 1020 2649; x_wconf 90' lang='lat' dir='ltr'><strong>his</strong></span> <span class='ocrx_word' id='word_1_126' title='bbox 1044 2587 1172 2651; x_wconf 80' lang='lat' dir='ltr'><strong>duobus</strong></span> 
     </span>
     <span class='ocr_line' id='line_1_20' title="bbox 143 2677 1173 2775; baseline 0.016 -38"><span class='ocrx_word' id='word_1_127' title='bbox 143 2677 221 2737; x_wconf 83' lang='lat' dir='ltr'><strong>satis</strong></span> <span class='ocrx_word' id='word_1_128' title='bbox 244 2691 338 2738; x_wconf 87' lang='lat' dir='ltr'><strong>caute</strong></span> <span class='ocrx_word' id='word_1_129' title='bbox 360 2681 429 2762; x_wconf 84' lang='lat' dir='ltr'><strong>agit</strong></span> <span class='ocrx_word' id='word_1_130' title='bbox 452 2696 485 2740; x_wconf 87' lang='lat' dir='ltr'><strong>et</strong></span> <span class='ocrx_word' id='word_1_131' title='bbox 507 2679 642 2740; x_wconf 87' lang='lat' dir='ltr'><strong>nimium</strong></span> <span class='ocrx_word' id='word_1_132' title='bbox 664 2683 852 2765; x_wconf 85' lang='lat' dir='ltr'><strong>antispastis</strong></span> <span class='ocrx_word' id='word_1_133' title='bbox 876 2687 1006 2765; x_wconf 83' lang='lat' dir='ltr'><strong>tribuit,</strong></span> <span class='ocrx_word' id='word_1_134' title='bbox 1029 2703 1173 2775; x_wconf 84' lang='lat' dir='ltr'><strong>praeter·</strong></span> 
     </span>
     <span class='ocr_line' id='line_1_21' title="bbox 143 2781 800 2862; baseline 0.009 -22"><span class='ocrx_word' id='word_1_135' title='bbox 143 2800 181 2840; x_wconf 86' lang='lat' dir='ltr'><strong>ea</strong></span> <span class='ocrx_word' id='word_1_136' title='bbox 204 2801 283 2842; x_wconf 83' lang='lat' dir='ltr'><strong>vero</strong></span> <span class='ocrx_word' id='word_1_137' title='bbox 306 2802 402 2842; x_wconf 83' lang='lat' dir='ltr'><strong>versu</strong></span> <span class='ocrx_word' id='word_1_138' title='bbox 426 2781 528 2862; x_wconf 68' lang='grc' dir='ltr'><strong><em>δορὴ.</em></strong></span> <span class='ocrx_word' id='word_1_139' title='bbox 552 2781 694 2848; x_wconf 85' lang='lat' dir='ltr'><strong>Philoct.</strong></span> <span class='ocrx_word' id='word_1_140' title='bbox 720 2793 800 2862; x_wconf 75' lang='lat'>1147</span> 
     </span>
    </p>

    <p class='ocr_par' dir='ltr' id='par_1_6' title="bbox 144 2871 1170 3273">
     <span class='ocr_line' id='line_1_22' title="bbox 461 2871 852 2969; baseline 0.015 -29"><span class='ocrx_word' id='word_1_141' title='bbox 461 2871 541 2966; x_wconf 59' lang='grc' dir='ltr'><strong>ἔθνη</strong></span> <span class='ocrx_word' id='word_1_142' title='bbox 564 2877 678 2968; x_wconf 65' lang='grc' dir='ltr'><em>θηρῶν</em></span> <span class='ocrx_word' id='word_1_143' title='bbox 701 2873 757 2959; x_wconf 70' lang='grc' dir='ltr'><strong>ὀὓς</strong></span> <span class='ocrx_word' id='word_1_144' title='bbox 778 2875 852 2969; x_wconf 73' lang='grc' dir='ltr'><strong>ἔχει</strong></span> 
     </span>
     <span class='ocr_line' id='line_1_23' title="bbox 144 2983 1170 3072; baseline 0.019 -33"><span class='ocrx_word' id='word_1_145' title='bbox 144 2984 267 3064; x_wconf 81' lang='lat' dir='ltr'><strong>quippe</strong></span> <span class='ocrx_word' id='word_1_146' title='bbox 297 2984 330 3042; x_wconf 89' lang='lat' dir='ltr'><strong>in</strong></span> <span class='ocrx_word' id='word_1_147' title='bbox 364 3005 428 3066; x_wconf 88' lang='lat' dir='ltr'><strong>quo</strong></span> <span class='ocrx_word' id='word_1_148' title='bbox 453 2983 534 3046; x_wconf 86' lang='lat' dir='ltr'><strong>duee</strong></span> <span class='ocrx_word' id='word_1_149' title='bbox 564 2987 706 3068; x_wconf 86' lang='lat' dir='ltr'><strong>syllabae</strong></span> <span class='ocrx_word' id='word_1_150' title='bbox 736 2987 851 3052; x_wconf 82' lang='lat' dir='ltr'><strong>breves</strong></span> <span class='ocrx_word' id='word_1_151' title='bbox 874 3007 1058 3058; x_wconf 82' lang='lat' dir='ltr'><strong>contractae</strong></span> <span class='ocrx_word' id='word_1_152' title='bbox 1092 2999 1170 3072; x_wconf 82' lang='lat' dir='ltr'><strong>siut,</strong></span> 
     </span>
     <span class='ocr_line' id='line_1_24' title="bbox 147 3086 835 3174; baseline 0.017 -36"><span class='ocrx_word' id='word_1_153' title='bbox 147 3101 214 3140; x_wconf 86' lang='lat' dir='ltr'><strong>nnn</strong></span> <span class='ocrx_word' id='word_1_154' title='bbox 237 3097 324 3142; x_wconf 88' lang='lat' dir='ltr'><strong>recte</strong></span> <span class='ocrx_word' id='word_1_155' title='bbox 345 3086 469 3157; x_wconf 82' lang='lat' dir='ltr'><strong>utitur,</strong></span> <span class='ocrx_word' id='word_1_156' title='bbox 493 3087 567 3168; x_wconf 86' lang='lat' dir='ltr'><strong>quie</strong></span> <span class='ocrx_word' id='word_1_157' title='bbox 590 3087 762 3174; x_wconf 80' lang='lat' dir='ltr'><strong>legendum</strong></span> <span class='ocrx_word' id='word_1_158' title='bbox 786 3106 835 3150; x_wconf 89' lang='lat' dir='ltr'><strong>est</strong></span> 
     </span>
     <span class='ocr_line' id='line_1_25' title="bbox 415 3173 981 3273; baseline 0.019 -32"><span class='ocrx_word' id='word_1_159' title='bbox 415 3173 495 3268; x_wconf 59' lang='lat' dir='ltr'><strong>idve</strong></span> <span class='ocrx_word' id='word_1_160' title='bbox 518 3183 629 3272; x_wconf 63' lang='grc' dir='ltr'><em>θηρῶν</em></span> <span class='ocrx_word' id='word_1_161' title='bbox 653 3178 709 3262; x_wconf 70' lang='grc' dir='ltr'><strong>οὓς</strong></span> <span class='ocrx_word' id='word_1_162' title='bbox 730 3174 786 3248; x_wconf 77' lang='lat' dir='ltr'><strong>d&#39;d&#39;-</strong></span> <span class='ocrx_word' id='word_1_163' title='bbox 801 3181 888 3273; x_wconf 72' lang='grc' dir='ltr'><strong><em>ἔχει.</em></strong></span> <span class='ocrx_word' id='word_1_164' title='bbox 975 3181 981 3194; x_wconf 41' lang='lat'>⁸</span> 
     </span>
    </p>

    <p class='ocr_par' dir='ltr' id='par_1_7' title="bbox 141 3283 1172 3988">
     <span class='ocr_line' id='line_1_26' title="bbox 231 3283 1171 3376; baseline 0.022 -33"><span class='ocrx_word' id='word_1_165' title='bbox 231 3283 361 3347; x_wconf 85' lang='lat' dir='ltr'><strong>Deinde</strong></span> <span class='ocrx_word' id='word_1_166' title='bbox 373 3308 449 3348; x_wconf 86' lang='lat' dir='ltr'><strong>vero</strong></span> <span class='ocrx_word' id='word_1_167' title='bbox 464 3289 559 3350; x_wconf 83' lang='lat' dir='ltr'><strong>etiam</strong></span> <span class='ocrx_word' id='word_1_168' title='bbox 573 3296 673 3352; x_wconf 85' lang='lat' dir='ltr'><strong>solam</strong></span> <span class='ocrx_word' id='word_1_169' title='bbox 686 3291 907 3376; x_wconf 80' lang='lat' dir='ltr'><strong>logaoedicam</strong></span> <span class='ocrx_word' id='word_1_170' title='bbox 918 3315 1097 3362; x_wconf 77' lang='lat' dir='ltr'><strong>mensuram</strong></span> <span class='ocrx_word' id='word_1_171' title='bbox 1109 3313 1171 3363; x_wconf 78' lang='lat' dir='ltr'><strong>stu·</strong></span> 
     </span>
     <span class='ocr_line' id='line_1_27' title="bbox 141 3385 1170 3488; baseline 0.018 -43"><span class='ocrx_word' id='word_1_172' title='bbox 141 3385 221 3460; x_wconf 84' lang='lat' dir='ltr'><strong>tuit,</strong></span> <span class='ocrx_word' id='word_1_173' title='bbox 239 3387 284 3446; x_wconf 86' lang='lat' dir='ltr'><strong>ita</strong></span> <span class='ocrx_word' id='word_1_174' title='bbox 302 3401 338 3448; x_wconf 91' lang='lat' dir='ltr'><strong>ut</strong></span> <span class='ocrx_word' id='word_1_175' title='bbox 354 3393 470 3450; x_wconf 87' lang='lat' dir='ltr'><strong>multos</strong></span> <span class='ocrx_word' id='word_1_176' title='bbox 487 3411 609 3466; x_wconf 85' lang='lat' dir='ltr'><strong>versus,</strong></span> <span class='ocrx_word' id='word_1_177' title='bbox 627 3399 1086 3488; x_wconf 84' lang='lat' dir='ltr'><strong>quorumpaenultimalonga,</strong></span> <span class='ocrx_word' id='word_1_178' title='bbox 1104 3425 1170 3465; x_wconf 84' lang='lat' dir='ltr'><strong>nou</strong></span> 
     </span>
     <span class='ocr_line' id='line_1_28' title="bbox 144 3481 1172 3575; baseline 0.018 -29"><span class='ocrx_word' id='word_1_179' title='bbox 144 3486 334 3570; x_wconf 82' lang='lat' dir='ltr'><strong>Glyconeos</strong></span> <span class='ocrx_word' id='word_1_180' title='bbox 342 3489 397 3550; x_wconf 86' lang='lat' dir='ltr'><strong>sed</strong></span> <span class='ocrx_word' id='word_1_181' title='bbox 406 3492 633 3575; x_wconf 85' lang='lat' dir='ltr'><strong>antispasticos</strong></span> <span class='ocrx_word' id='word_1_182' title='bbox 645 3513 716 3556; x_wconf 81' lang='lat' dir='ltr'><strong>esse</strong></span> <span class='ocrx_word' id='word_1_183' title='bbox 729 3493 848 3560; x_wconf 48' lang='lat' dir='ltr'><strong>dicatu</strong></span> <span class='ocrx_word' id='word_1_184' title='bbox 858 3505 986 3561; x_wconf 49' lang='lat' dir='ltr'><strong>..a-Le:</strong></span> <span class='ocrx_word' id='word_1_185' title='bbox 996 3481 1035 3562; x_wconf 57' lang='grc' dir='ltr'><strong>Ῑυ</strong></span> <span class='ocrx_word' id='word_1_186' title='bbox 1044 3508 1083 3563; x_wconf 76' lang='lat' dir='ltr'><strong>,L</strong></span> <span class='ocrx_word' id='word_1_187' title='bbox 1093 3527 1172 3570; x_wconf 56' lang='lat' dir='ltr'><strong>..gs</strong></span> 
     </span>
     <span class='ocr_line' id='line_1_29' title="bbox 144 3589 1170 3679; baseline 0.019 -32"><span class='ocrx_word' id='word_1_188' title='bbox 144 3589 181 3650; x_wconf 90' lang='lat' dir='ltr'><strong>ln</strong></span> <span class='ocrx_word' id='word_1_189' title='bbox 203 3592 444 3654; x_wconf 81' lang='lat' dir='ltr'><strong>recentioribus</strong></span> <span class='ocrx_word' id='word_1_190' title='bbox 466 3613 543 3655; x_wconf 80' lang='lat' dir='ltr'><strong>vero</strong></span> <span class='ocrx_word' id='word_1_191' title='bbox 557 3589 649 3676; x_wconf 54' lang='lat' dir='ltr'><strong>&#39;quos</strong></span> <span class='ocrx_word' id='word_1_192' title='bbox 674 3597 803 3679; x_wconf 83' lang='lat' dir='ltr'><strong>scripsit</strong></span> <span class='ocrx_word' id='word_1_193' title='bbox 824 3597 918 3660; x_wconf 77' lang='lat' dir='ltr'><strong>libris</strong></span> <span class='ocrx_word' id='word_1_194' title='bbox 948 3599 988 3660; x_wconf 87' lang='lat' dir='ltr'><strong>de</strong></span> <span class='ocrx_word' id='word_1_195' title='bbox 1013 3619 1080 3664; x_wconf 85' lang='lat' dir='ltr'><strong>arte</strong></span> <span class='ocrx_word' id='word_1_196' title='bbox 1105 3627 1170 3666; x_wconf 85' lang='lat' dir='ltr'><strong>me·</strong></span> 
     </span>
     <span class='ocr_line' id='line_1_30' title="bbox 148 3691 1168 3786; baseline 0.018 -37"><span class='ocrx_word' id='word_1_197' title='bbox 148 3693 243 3764; x_wconf 78' lang='lat' dir='ltr'><strong>trica,</strong></span> <span class='ocrx_word' id='word_1_198' title='bbox 282 3691 385 3754; x_wconf 85' lang='lat' dir='ltr'><strong>Elem.</strong></span> <span class='ocrx_word' id='word_1_199' title='bbox 413 3694 517 3754; x_wconf 71' lang='lat' dir='ltr'><strong>doctr·</strong></span> <span class='ocrx_word' id='word_1_200' title='bbox 548 3712 640 3756; x_wconf 83' lang='lat' dir='ltr'><strong>metr.</strong></span> <span class='ocrx_word' id='word_1_201' title='bbox 664 3719 693 3780; x_wconf 90' lang='lat' dir='ltr'><strong>p.</strong></span> <span class='ocrx_word' id='word_1_202' title='bbox 721 3713 781 3756; x_wconf 75' lang='lat' dir='ltr'><strong>nun</strong></span> <span class='ocrx_word' id='word_1_203' title='bbox 814 3721 885 3781; x_wconf 77' lang='lat' dir='ltr'><strong>sqq·</strong></span> <span class='ocrx_word' id='word_1_204' title='bbox 907 3715 939 3760; x_wconf 89' lang='lat' dir='ltr'><strong>et</strong></span> <span class='ocrx_word' id='word_1_205' title='bbox 961 3702 1049 3786; x_wconf 87' lang='lat' dir='ltr'><strong>Epit.</strong></span> <span class='ocrx_word' id='word_1_206' title='bbox 1074 3705 1104 3766; x_wconf 85' lang='lat' dir='ltr'><strong>d.</strong></span> <span class='ocrx_word' id='word_1_207' title='bbox 1128 3728 1168 3766; x_wconf 87' lang='lat' dir='ltr'><strong>m.</strong></span> 
     </span>
     <span class='ocr_line' id='line_1_31' title="bbox 149 3786 1169 3890; baseline 0.018 -41"><span class='ocrx_word' id='word_1_208' title='bbox 149 3786 176 3863; x_wconf 87' lang='lat'><strong>§.</strong></span> <span class='ocrx_word' id='word_1_209' title='bbox 200 3807 255 3852; x_wconf 80' lang='lat'><strong>211</strong></span> <span class='ocrx_word' id='word_1_210' title='bbox 281 3815 327 3875; x_wconf 89' lang='lat' dir='ltr'><strong>sq.</strong></span> <span class='ocrx_word' id='word_1_211' title='bbox 358 3809 459 3855; x_wconf 85' lang='lat' dir='ltr'><strong>totam</strong></span> <span class='ocrx_word' id='word_1_212' title='bbox 490 3810 634 3856; x_wconf 83' lang='lat' dir='ltr'><strong>veterum</strong></span> <span class='ocrx_word' id='word_1_213' title='bbox 664 3795 942 3880; x_wconf 82' lang='lat' dir='ltr'><strong>grammaticorum</strong></span> <span class='ocrx_word' id='word_1_214' title='bbox 960 3797 1005 3868; x_wconf 70' lang='lat' dir='ltr'><strong>¹de</strong></span> <span class='ocrx_word' id='word_1_215' title='bbox 1028 3811 1169 3890; x_wconf 84' lang='lat' dir='ltr'><strong>antispa-</strong></span> 
     </span>
     <span class='ocr_line' id='line_1_32' title="bbox 144 3889 1168 3988; baseline 0.021 -38"><span class='ocrx_word' id='word_1_216' title='bbox 144 3893 204 3952; x_wconf 84' lang='lat' dir='ltr'><strong>stis</strong></span> <span class='ocrx_word' id='word_1_217' title='bbox 228 3889 406 3956; x_wconf 84' lang='lat' dir='ltr'><strong>doctrinam</strong></span> <span class='ocrx_word' id='word_1_218' title='bbox 430 3897 545 3958; x_wconf 87' lang='lat' dir='ltr'><strong>abiicit</strong></span> <span class='ocrx_word' id='word_1_219' title='bbox 568 3913 600 3958; x_wconf 84' lang='lat' dir='ltr'><strong>et</strong></span> <span class='ocrx_word' id='word_1_220' title='bbox 623 3899 656 3956; x_wconf 88' lang='lat' dir='ltr'><strong>in</strong></span> <span class='ocrx_word' id='word_1_221' title='bbox 682 3902 790 3982; x_wconf 78' lang='lat' dir='ltr'><strong>eapite</strong></span> <span class='ocrx_word' id='word_1_222' title='bbox 813 3902 851 3964; x_wconf 89' lang='lat' dir='ltr'><strong>de</strong></span> <span class='ocrx_word' id='word_1_223' title='bbox 873 3909 1021 3970; x_wconf 82' lang='lat' dir='ltr'><strong>versibus</strong></span> <span class='ocrx_word' id='word_1_224' title='bbox 1049 3909 1168 3988; x_wconf 85' lang='lat' dir='ltr'><strong>Glyco·</strong></span> 
     </span>
    </p>

    <p class='ocr_par' dir='ltr' id='par_1_8' title="bbox 141 3994 879 4084">
     <span class='ocr_line' id='line_1_33' title="bbox 141 3994 879 4084; baseline 0.014 -30"><span class='ocrx_word' id='word_1_225' title='bbox 141 3994 215 4056; x_wconf 79' lang='lat' dir='ltr'><strong>ueis</strong></span> <span class='ocrx_word' id='word_1_226' title='bbox 240 3994 489 4058; x_wconf 82' lang='lat' dir='ltr'><strong>choriambioam</strong></span> <span class='ocrx_word' id='word_1_227' title='bbox 510 4018 690 4060; x_wconf 80' lang='lat' dir='ltr'><strong>mensuram</strong></span> <span class='ocrx_word' id='word_1_228' title='bbox 714 4005 879 4084; x_wconf 80' lang='lat' dir='ltr'><strong>proponit.</strong></span> 
     </span>
    </p>
   </div>
   <div class='ocr_carea' id='block_1_6' title="bbox 855 4103 964 4193">
    <p class='ocr_par' dir='ltr' id='par_1_9' title="bbox 855 4103 964 4193">
     <span class='ocr_line' id='line_1_34' title="bbox 855 4103 964 4193; baseline 0.009 -34"><span class='ocrx_word' id='word_1_229' title='bbox 855 4181 863 4193; x_wconf 42' lang='lat'><strong>·</strong></span> <span class='ocrx_word' id='word_1_230' title='bbox 936 4103 964 4160; x_wconf 87' lang='lat' dir='ltr'>B</span> 
     </span>
    </p>
   </div>
   <div class='ocr_carea' id='block_1_7' title="bbox 0 0 1374 4440">
    <p class='ocr_par' dir='ltr' id='par_1_10' title="bbox 0 0 1374 4440">
     <span class='ocr_line' id='line_1_35' title="bbox 0 0 1374 4440; baseline 0 1"><span class='ocrx_word' id='word_1_231' title='bbox 0 0 1374 4440; x_wconf 95' lang='lat' dir='ltr'><strong> </strong></span> 
     </span>
    </p>
   </div>
  </div>
 </body>
</html>
